report_begin_date,report_end_date,published_date,report_date,class,weight_basis,purchase_type,lot_size,head_count,price_min,price_max,wtd_avg_price,wtd_avg_price_last_rep,last_reported_date,wtd_avg_price_yr_ago,last_year_date,week_of_year,year,indexby_year
09/28/2020,10/02/2020,10/02/2020 12:21:36,2020-09-28,Pigs Early Weaned,10 to 12 lb,Cash,Total Composite,34027,25.0,35.0,29.75,,,,,401,2020,1
09/28/2020,10/02/2020,10/02/2020 12:21:36,2020-09-28,Pigs Early Weaned,10 to 12 lb,Formula,Total Composite,51168,30.26,44.0,38.42,,,,,401,2020,1
09/28/2020,10/02/2020,10/02/2020 12:21:36,2020-09-28,Pigs Early Weaned,10 to 12 lb,Formula,> 1200,51168,30.26,44.0,38.42,,,,,401,2020,1
09/28/2020,10/02/2020,10/02/2020 12:21:36,2020-09-28,Pigs Early Weaned,10 to 12 lb,Cash,> 1200,28477,25.0,35.0,30.5,,,,,401,2020,1
09/28/2020,10/02/2020,10/02/2020 12:21:36,2020-09-28,Pigs Early Weaned,10 to 12 lb,Cash,< 600,400,25.0,25.0,25.0,,,,,401,2020,1
09/28/2020,10/02/2020,10/02/2020 12:21:36,2020-09-28,Pigs,40 lb,Cash,Total Composite,5600,35.0,44.0,40.82,,,,,401,2020,1
09/28/2020,10/02/2020,10/02/2020 12:21:36,2020-09-28,Pigs,40 lb,Cash,600 - 1200,1700,38.0,39.0,38.65,,,,,401,2020,1
09/28/2020,10/02/2020,10/02/2020 12:21:36,2020-09-28,Pigs,40 lb,Cash,< 600,1200,35.0,44.0,41.25,,,,,401,2020,1
09/28/2020,10/02/2020,10/02/2020 12:21:36,2020-09-28,Pigs Early Weaned,10 to 12 lb,Cash,600 - 1200,5150,25.0,27.0,26.01,,,,,401,2020,1
09/28/2020,10/02/2020,10/02/2020 12:21:36,2020-09-28,Pigs,40 lb,Cash,> 1200,2700,42.0,42.0,42.0,,,,,401,2020,1
10/05/2020,10/09/2020,10/09/2020 12:00:48,2020-10-05,Pigs Early Weaned,10 to 12 lb,Formula,> 1200,46157,32.75,44.0,38.77,38.42,10/02/2020,,,411,2020,2
10/05/2020,10/09/2020,10/09/2020 12:00:48,2020-10-05,Pigs,40 lb,Cash,600 - 1200,2950,38.5,41.0,40.08,38.65,10/02/2020,,,411,2020,2
10/05/2020,10/09/2020,10/09/2020 12:00:48,2020-10-05,Pigs,40 lb,Cash,Total Composite,20697,38.5,53.5,46.19,40.82,10/02/2020,,,411,2020,2
10/05/2020,10/09/2020,10/09/2020 12:00:48,2020-10-05,Pigs Early Weaned,10 to 12 lb,Cash,< 600,1516,27.85,31.0,29.04,25.0,10/02/2020,,,411,2020,2
10/05/2020,10/09/2020,10/09/2020 12:00:48,2020-10-05,Pigs Early Weaned,10 to 12 lb,Cash,> 1200,55208,27.0,40.5,34.36,30.5,10/02/2020,,,411,2020,2
10/05/2020,10/09/2020,10/09/2020 12:00:48,2020-10-05,Pigs Early Weaned,10 to 12 lb,Cash,600 - 1200,2950,25.0,32.0,30.2,26.01,10/02/2020,,,411,2020,2
10/05/2020,10/09/2020,10/09/2020 12:00:48,2020-10-05,Pigs Early Weaned,10 to 12 lb,Cash,Total Composite,59674,25.0,40.5,34.02,29.75,10/02/2020,,,411,2020,2
10/05/2020,10/09/2020,10/09/2020 12:00:48,2020-10-05,Pigs,40 lb,Cash,< 600,2097,39.0,44.0,41.81,41.25,10/02/2020,,,411,2020,2
10/05/2020,10/09/2020,10/09/2020 12:00:48,2020-10-05,Pigs,40 lb,Cash,> 1200,15650,41.0,53.5,47.92,42.0,10/02/2020,,,411,2020,2
10/05/2020,10/09/2020,10/09/2020 12:00:48,2020-10-05,Pigs Early Weaned,10 to 12 lb,Formula,Total Composite,46157,32.75,44.0,38.77,38.42,10/02/2020,,,411,2020,2
10/12/2020,10/16/2020,10/16/2020 12:32:11,2020-10-12,Pigs,40 lb,Cash,> 1200,6075,42.0,42.0,42.0,47.92,10/09/2020,,,421,2020,3
10/12/2020,10/16/2020,10/16/2020 12:32:11,2020-10-12,Pigs Early Weaned,10 to 12 lb,Formula,Total Composite,34651,35.9,44.0,40.05,38.77,10/09/2020,,,421,2020,3
10/12/2020,10/16/2020,10/16/2020 12:32:11,2020-10-12,Pigs Early Weaned,10 to 12 lb,Formula,600 - 1200,1150,42.6,42.6,42.6,,10/09/2020,,,421,2020,3
10/12/2020,10/16/2020,10/16/2020 12:32:11,2020-10-12,Pigs Early Weaned,10 to 12 lb,Formula,> 1200,33501,35.9,44.0,39.96,38.77,10/09/2020,,,421,2020,3
10/12/2020,10/16/2020,10/16/2020 12:32:11,2020-10-12,Pigs Early Weaned,10 to 12 lb,Cash,Total Composite,87532,30.0,42.0,35.36,34.02,10/09/2020,,,421,2020,3
10/12/2020,10/16/2020,10/16/2020 12:32:11,2020-10-12,Pigs Early Weaned,10 to 12 lb,Cash,600 - 1200,2000,32.0,38.0,35.3,30.2,10/09/2020,,,421,2020,3
10/12/2020,10/16/2020,10/16/2020 12:32:11,2020-10-12,Pigs Early Weaned,10 to 12 lb,Cash,> 1200,84032,30.0,42.0,35.4,34.36,10/09/2020,,,421,2020,3
10/12/2020,10/16/2020,10/16/2020 12:32:11,2020-10-12,Pigs Early Weaned,10 to 12 lb,Cash,< 600,1500,32.0,34.0,33.27,29.04,10/09/2020,,,421,2020,3
10/12/2020,10/16/2020,10/16/2020 12:32:11,2020-10-12,Pigs,40 lb,Cash,Total Composite,12200,39.0,49.0,44.37,46.19,10/09/2020,,,421,2020,3
10/12/2020,10/16/2020,10/16/2020 12:32:11,2020-10-12,Pigs,40 lb,Cash,600 - 1200,4350,47.0,49.0,48.03,40.08,10/09/2020,,,421,2020,3
10/12/2020,10/16/2020,10/16/2020 12:32:11,2020-10-12,Pigs,40 lb,Cash,< 600,1775,39.0,47.0,43.51,41.81,10/09/2020,,,421,2020,3
10/19/2020,10/23/2020,10/23/2020 12:13:03,2020-10-19,Pigs,40 lb,Cash,Total Composite,5725,36.0,51.0,45.05,44.37,10/16/2020,,,431,2020,4
10/19/2020,10/23/2020,10/23/2020 12:13:03,2020-10-19,Pigs Early Weaned,10 to 12 lb,Cash,< 600,1125,35.0,40.0,37.67,33.27,10/16/2020,,,431,2020,4
10/19/2020,10/23/2020,10/23/2020 12:13:03,2020-10-19,Pigs Early Weaned,10 to 12 lb,Cash,> 1200,29895,29.0,42.0,36.02,35.4,10/16/2020,,,431,2020,4
10/19/2020,10/23/2020,10/23/2020 12:13:03,2020-10-19,Pigs Early Weaned,10 to 12 lb,Cash,600 - 1200,2750,32.5,38.0,34.8,35.3,10/16/2020,,,431,2020,4
10/19/2020,10/23/2020,10/23/2020 12:13:03,2020-10-19,Pigs Early Weaned,10 to 12 lb,Formula,Total Composite,50136,31.86,44.94,38.94,40.05,10/16/2020,,,431,2020,4
10/19/2020,10/23/2020,10/23/2020 12:13:03,2020-10-19,Pigs Early Weaned,10 to 12 lb,Formula,> 1200,49386,33.41,44.94,39.05,39.96,10/16/2020,,,431,2020,4
10/19/2020,10/23/2020,10/23/2020 12:13:03,2020-10-19,Pigs Early Weaned,10 to 12 lb,Formula,600 - 1200,750,31.86,31.86,31.86,42.6,10/16/2020,,,431,2020,4
10/19/2020,10/23/2020,10/23/2020 12:13:03,2020-10-19,Pigs,40 lb,Cash,600 - 1200,4450,40.0,51.0,46.51,48.03,10/16/2020,,,431,2020,4
10/19/2020,10/23/2020,10/23/2020 12:13:03,2020-10-19,Pigs Early Weaned,10 to 12 lb,Cash,Total Composite,33770,29.0,42.0,35.98,35.36,10/16/2020,,,431,2020,4
10/19/2020,10/23/2020,10/23/2020 12:13:03,2020-10-19,Pigs,40 lb,Cash,< 600,1275,36.0,43.5,39.97,43.51,10/16/2020,,,431,2020,4
10/26/2020,10/30/2020,10/30/2020 12:46:07,2020-10-26,Pigs,40 lb,Cash,600 - 1200,2201,44.0,50.0,45.64,46.51,10/23/2020,,,441,2020,5
10/26/2020,10/30/2020,10/30/2020 12:46:07,2020-10-26,Pigs,40 lb,Cash,< 600,1390,44.0,50.0,46.86,39.97,10/23/2020,,,441,2020,5
10/26/2020,10/30/2020,10/30/2020 12:46:07,2020-10-26,Pigs,40 lb,Cash,Total Composite,7291,44.0,50.0,47.19,45.05,10/23/2020,,,441,2020,5
10/26/2020,10/30/2020,10/30/2020 12:46:07,2020-10-26,Pigs,40 lb,Cash,> 1200,3700,45.0,50.0,48.24,,10/23/2020,,,441,2020,5
10/26/2020,10/30/2020,10/30/2020 12:46:07,2020-10-26,Pigs Early Weaned,10 to 12 lb,Cash,< 600,500,32.0,32.0,32.0,37.67,10/23/2020,,,441,2020,5
10/26/2020,10/30/2020,10/30/2020 12:46:07,2020-10-26,Pigs Early Weaned,10 to 12 lb,Formula,Total Composite,36627,31.98,45.24,41.17,38.94,10/23/2020,,,441,2020,5
10/26/2020,10/30/2020,10/30/2020 12:46:07,2020-10-26,Pigs Early Weaned,10 to 12 lb,Cash,600 - 1200,2100,28.0,35.0,31.67,34.8,10/23/2020,,,441,2020,5
10/26/2020,10/30/2020,10/30/2020 12:46:07,2020-10-26,Pigs Early Weaned,10 to 12 lb,Cash,Total Composite,31778,28.0,45.0,36.12,35.98,10/23/2020,,,441,2020,5
10/26/2020,10/30/2020,10/30/2020 12:46:07,2020-10-26,Pigs Early Weaned,10 to 12 lb,Formula,> 1200,36627,31.98,45.24,41.17,39.05,10/23/2020,,,441,2020,5
10/26/2020,10/30/2020,10/30/2020 12:46:07,2020-10-26,Pigs Early Weaned,10 to 12 lb,Cash,> 1200,29178,30.0,45.0,36.51,36.02,10/23/2020,,,441,2020,5
11/02/2020,11/06/2020,11/06/2020 12:37:31,2020-11-02,Pigs,40 lb,Cash,< 600,1010,48.0,48.0,48.0,46.86,10/30/2020,,,451,2020,6
11/02/2020,11/06/2020,11/06/2020 12:37:31,2020-11-02,Pigs,40 lb,Cash,> 1200,7150,45.5,55.0,50.64,48.24,10/30/2020,,,451,2020,6
11/02/2020,11/06/2020,11/06/2020 12:37:31,2020-11-02,Pigs,40 lb,Cash,600 - 1200,1020,45.0,45.0,45.0,45.64,10/30/2020,,,451,2020,6
11/02/2020,11/06/2020,11/06/2020 12:37:31,2020-11-02,Pigs,40 lb,Cash,Total Composite,9180,45.0,55.0,49.72,47.19,10/30/2020,,,451,2020,6
11/02/2020,11/06/2020,11/06/2020 12:37:31,2020-11-02,Pigs Early Weaned,10 to 12 lb,Cash,< 600,950,30.0,35.0,32.37,32.0,10/30/2020,,,451,2020,6
11/02/2020,11/06/2020,11/06/2020 12:37:31,2020-11-02,Pigs Early Weaned,10 to 12 lb,Cash,600 - 1200,3500,28.0,37.0,31.87,31.67,10/30/2020,,,451,2020,6
11/02/2020,11/06/2020,11/06/2020 12:37:31,2020-11-02,Pigs Early Weaned,10 to 12 lb,Cash,Total Composite,33605,28.0,45.0,35.9,36.12,10/30/2020,,,451,2020,6
11/02/2020,11/06/2020,11/06/2020 12:37:31,2020-11-02,Pigs Early Weaned,10 to 12 lb,Formula,> 1200,46894,30.72,44.0,40.14,41.17,10/30/2020,,,451,2020,6
11/02/2020,11/06/2020,11/06/2020 12:37:31,2020-11-02,Pigs Early Weaned,10 to 12 lb,Formula,Total Composite,46894,30.72,44.0,40.14,41.17,10/30/2020,,,451,2020,6
11/02/2020,11/06/2020,11/06/2020 12:37:31,2020-11-02,Pigs Early Weaned,10 to 12 lb,Cash,> 1200,29155,29.0,45.0,36.5,36.51,10/30/2020,,,451,2020,6
11/09/2020,11/13/2020,11/13/2020 12:17:55,2020-11-09,Pigs,40 lb,Cash,< 600,866,45.0,47.0,46.27,48.0,11/06/2020,,,461,2020,7
11/09/2020,11/13/2020,11/13/2020 12:17:55,2020-11-09,Pigs,40 lb,Cash,Total Composite,11066,45.0,49.0,48.24,49.72,11/06/2020,,,461,2020,7
11/09/2020,11/13/2020,11/13/2020 12:17:55,2020-11-09,Pigs,40 lb,Cash,> 1200,10200,47.0,49.0,48.41,50.64,11/06/2020,,,461,2020,7
11/09/2020,11/13/2020,11/13/2020 12:17:55,2020-11-09,Pigs Early Weaned,10 to 12 lb,Cash,> 1200,55050,32.5,44.5,37.43,36.5,11/06/2020,,,461,2020,7
11/09/2020,11/13/2020,11/13/2020 12:17:55,2020-11-09,Pigs Early Weaned,10 to 12 lb,Formula,Total Composite,21591,32.9,45.97,39.24,40.14,11/06/2020,,,461,2020,7
11/09/2020,11/13/2020,11/13/2020 12:17:55,2020-11-09,Pigs Early Weaned,10 to 12 lb,Cash,Total Composite,59000,32.5,44.5,37.56,35.9,11/06/2020,,,461,2020,7
11/09/2020,11/13/2020,11/13/2020 12:17:55,2020-11-09,Pigs Early Weaned,10 to 12 lb,Formula,> 1200,21591,32.9,45.97,39.24,40.14,11/06/2020,,,461,2020,7
11/09/2020,11/13/2020,11/13/2020 12:17:55,2020-11-09,Pigs Early Weaned,10 to 12 lb,Cash,600 - 1200,3950,38.0,42.0,39.39,31.87,11/06/2020,,,461,2020,7
11/16/2020,11/20/2020,11/20/2020 12:11:16,2020-11-16,Pigs,40 lb,Cash,< 600,1600,48.0,54.0,51.0,46.27,11/13/2020,,,471,2020,8
11/16/2020,11/20/2020,11/20/2020 12:11:16,2020-11-16,Pigs,40 lb,Cash,> 1200,6600,51.0,52.0,51.21,48.41,11/13/2020,,,471,2020,8
11/16/2020,11/20/2020,11/20/2020 12:11:16,2020-11-16,Pigs,40 lb,Cash,600 - 1200,6255,45.0,52.0,50.25,,11/13/2020,,,471,2020,8
11/16/2020,11/20/2020,11/20/2020 12:11:16,2020-11-16,Pigs,40 lb,Cash,Total Composite,14455,45.0,54.0,50.77,48.24,11/13/2020,,,471,2020,8
11/16/2020,11/20/2020,11/20/2020 12:11:16,2020-11-16,Pigs Early Weaned,10 to 12 lb,Cash,> 1200,40937,33.0,46.0,37.85,37.43,11/13/2020,,,471,2020,8
11/16/2020,11/20/2020,11/20/2020 12:11:16,2020-11-16,Pigs Early Weaned,10 to 12 lb,Cash,600 - 1200,3350,35.0,38.65,36.74,39.39,11/13/2020,,,471,2020,8
11/16/2020,11/20/2020,11/20/2020 12:11:16,2020-11-16,Pigs Early Weaned,10 to 12 lb,Formula,> 1200,59671,31.02,44.72,39.01,39.24,11/13/2020,,,471,2020,8
11/16/2020,11/20/2020,11/20/2020 12:11:16,2020-11-16,Pigs Early Weaned,10 to 12 lb,Formula,600 - 1200,1750,38.56,45.68,42.63,,11/13/2020,,,471,2020,8
11/16/2020,11/20/2020,11/20/2020 12:11:16,2020-11-16,Pigs Early Weaned,10 to 12 lb,Formula,Total Composite,61421,31.02,45.68,39.11,39.24,11/13/2020,,,471,2020,8
11/16/2020,11/20/2020,11/20/2020 12:11:16,2020-11-16,Pigs Early Weaned,10 to 12 lb,Cash,Total Composite,44287,33.0,46.0,37.76,37.56,11/13/2020,,,471,2020,8
11/23/2020,11/27/2020,11/27/2020 13:35:14,2020-11-23,Pigs Early Weaned,10 to 12 lb,Cash,> 1200,58510,34.0,49.0,41.1,37.85,11/20/2020,,,481,2020,9
11/23/2020,11/27/2020,11/27/2020 13:35:14,2020-11-23,Pigs,40 lb,Cash,< 600,750,52.0,52.0,52.0,51.0,11/20/2020,,,481,2020,9
11/23/2020,11/27/2020,11/27/2020 13:35:14,2020-11-23,Pigs,40 lb,Cash,600 - 1200,1850,44.0,52.0,49.19,50.25,11/20/2020,,,481,2020,9
11/23/2020,11/27/2020,11/27/2020 13:35:14,2020-11-23,Pigs,40 lb,Cash,Total Composite,2600,44.0,52.0,50.0,50.77,11/20/2020,,,481,2020,9
11/23/2020,11/27/2020,11/27/2020 13:35:14,2020-11-23,Pigs Early Weaned,10 to 12 lb,Cash,600 - 1200,6351,36.0,42.0,39.15,36.74,11/20/2020,,,481,2020,9
11/23/2020,11/27/2020,11/27/2020 13:35:14,2020-11-23,Pigs Early Weaned,10 to 12 lb,Cash,< 600,500,36.75,36.75,36.75,,11/20/2020,,,481,2020,9
11/23/2020,11/27/2020,11/27/2020 13:35:14,2020-11-23,Pigs Early Weaned,10 to 12 lb,Formula,> 1200,48369,31.95,44.91,39.41,39.01,11/20/2020,,,481,2020,9
11/23/2020,11/27/2020,11/27/2020 13:35:14,2020-11-23,Pigs Early Weaned,10 to 12 lb,Formula,600 - 1200,3180,34.76,37.76,36.72,42.63,11/20/2020,,,481,2020,9
11/23/2020,11/27/2020,11/27/2020 13:35:14,2020-11-23,Pigs Early Weaned,10 to 12 lb,Formula,Total Composite,51549,31.95,44.91,39.25,39.11,11/20/2020,,,481,2020,9
11/23/2020,11/27/2020,11/27/2020 13:35:14,2020-11-23,Pigs Early Weaned,10 to 12 lb,Cash,Total Composite,65361,34.0,49.0,40.88,37.76,11/20/2020,,,481,2020,9
11/30/2020,12/04/2020,12/04/2020 12:15:04,2020-11-30,Pigs,40 lb,Cash,< 600,880,48.0,52.0,49.68,52.0,11/27/2020,,,491,2020,10
11/30/2020,12/04/2020,12/04/2020 12:15:04,2020-11-30,Pigs,40 lb,Cash,> 1200,10450,52.0,57.5,55.32,,11/27/2020,,,491,2020,10
11/30/2020,12/04/2020,12/04/2020 12:15:04,2020-11-30,Pigs,40 lb,Cash,600 - 1200,2225,49.0,56.0,52.09,49.19,11/27/2020,,,491,2020,10
11/30/2020,12/04/2020,12/04/2020 12:15:04,2020-11-30,Pigs,40 lb,Cash,Total Composite,13555,48.0,57.5,54.43,50.0,11/27/2020,,,491,2020,10
11/30/2020,12/04/2020,12/04/2020 12:15:04,2020-11-30,Pigs Early Weaned,10 to 12 lb,Cash,< 600,1340,36.5,41.0,38.64,36.75,11/27/2020,,,491,2020,10
11/30/2020,12/04/2020,12/04/2020 12:15:04,2020-11-30,Pigs Early Weaned,10 to 12 lb,Cash,> 1200,83010,31.0,50.0,43.47,41.1,11/27/2020,,,491,2020,10
11/30/2020,12/04/2020,12/04/2020 12:15:04,2020-11-30,Pigs Early Weaned,10 to 12 lb,Cash,Total Composite,90350,31.0,50.0,43.23,40.88,11/27/2020,,,491,2020,10
11/30/2020,12/04/2020,12/04/2020 12:15:04,2020-11-30,Pigs Early Weaned,10 to 12 lb,Formula,> 1200,53180,33.3,46.6,39.86,39.41,11/27/2020,,,491,2020,10
11/30/2020,12/04/2020,12/04/2020 12:15:04,2020-11-30,Pigs Early Weaned,10 to 12 lb,Formula,600 - 1200,1100,37.88,37.88,37.88,36.72,11/27/2020,,,491,2020,10
11/30/2020,12/04/2020,12/04/2020 12:15:04,2020-11-30,Pigs Early Weaned,10 to 12 lb,Formula,Total Composite,54280,33.3,46.6,39.82,39.25,11/27/2020,,,491,2020,10
11/30/2020,12/04/2020,12/04/2020 12:15:04,2020-11-30,Pigs Early Weaned,10 to 12 lb,Cash,600 - 1200,6000,33.0,48.0,41.05,39.15,11/27/2020,,,491,2020,10
12/07/2020,12/11/2020,12/11/2020 12:09:01,2020-12-07,Pigs Early Weaned,10 to 12 lb,Cash,< 600,300,35.5,35.5,35.5,38.64,12/04/2020,,,501,2020,11
12/07/2020,12/11/2020,12/11/2020 12:09:01,2020-12-07,Pigs,40 lb,Cash,< 600,1075,53.0,56.0,54.58,49.68,12/04/2020,,,501,2020,11
12/07/2020,12/11/2020,12/11/2020 12:09:01,2020-12-07,Pigs,40 lb,Cash,> 1200,7500,53.0,60.0,56.13,55.32,12/04/2020,,,501,2020,11
12/07/2020,12/11/2020,12/11/2020 12:09:01,2020-12-07,Pigs,40 lb,Cash,600 - 1200,1100,55.0,55.0,55.0,52.09,12/04/2020,,,501,2020,11
12/07/2020,12/11/2020,12/11/2020 12:09:01,2020-12-07,Pigs,40 lb,Cash,Total Composite,9675,53.0,60.0,55.83,54.43,12/04/2020,,,501,2020,11
12/07/2020,12/11/2020,12/11/2020 12:09:01,2020-12-07,Pigs Early Weaned,10 to 12 lb,Cash,> 1200,65550,38.0,53.0,46.08,43.47,12/04/2020,,,501,2020,11
12/07/2020,12/11/2020,12/11/2020 12:09:01,2020-12-07,Pigs Early Weaned,10 to 12 lb,Formula,600 - 1200,2200,45.38,45.4,45.39,37.88,12/04/2020,,,501,2020,11
12/07/2020,12/11/2020,12/11/2020 12:09:01,2020-12-07,Pigs Early Weaned,10 to 12 lb,Cash,Total Composite,69840,35.5,53.0,45.81,43.23,12/04/2020,,,501,2020,11
12/07/2020,12/11/2020,12/11/2020 12:09:01,2020-12-07,Pigs Early Weaned,10 to 12 lb,Formula,> 1200,45968,33.86,48.23,41.77,39.86,12/04/2020,,,501,2020,11
12/07/2020,12/11/2020,12/11/2020 12:09:01,2020-12-07,Pigs Early Weaned,10 to 12 lb,Cash,600 - 1200,3990,36.0,47.0,42.1,41.05,12/04/2020,,,501,2020,11
12/07/2020,12/11/2020,12/11/2020 12:09:01,2020-12-07,Pigs Early Weaned,10 to 12 lb,Formula,Total Composite,48168,33.86,48.23,41.94,39.82,12/04/2020,,,501,2020,11
12/14/2020,12/18/2020,12/18/2020 12:12:36,2020-12-14,Pigs,40 lb,Cash,> 1200,4500,58.0,58.0,58.0,56.13,12/11/2020,,,511,2020,12
12/14/2020,12/18/2020,12/18/2020 12:12:36,2020-12-14,Pigs,40 lb,Cash,600 - 1200,1700,54.0,57.0,55.76,55.0,12/11/2020,,,511,2020,12
12/14/2020,12/18/2020,12/18/2020 12:12:36,2020-12-14,Pigs,40 lb,Cash,Total Composite,7670,50.0,58.0,56.15,55.83,12/11/2020,,,511,2020,12
12/14/2020,12/18/2020,12/18/2020 12:12:36,2020-12-14,Pigs Early Weaned,10 to 12 lb,Cash,> 1200,46200,35.0,55.0,49.13,46.08,12/11/2020,,,511,2020,12
12/14/2020,12/18/2020,12/18/2020 12:12:36,2020-12-14,Pigs Early Weaned,10 to 12 lb,Cash,600 - 1200,6630,42.5,47.5,45.78,42.1,12/11/2020,,,511,2020,12
12/14/2020,12/18/2020,12/18/2020 12:12:36,2020-12-14,Pigs,40 lb,Cash,< 600,1470,50.0,53.0,50.92,54.58,12/11/2020,,,511,2020,12
12/14/2020,12/18/2020,12/18/2020 12:12:36,2020-12-14,Pigs Early Weaned,10 to 12 lb,Formula,> 1200,55469,36.56,50.81,43.02,41.77,12/11/2020,,,511,2020,12
12/14/2020,12/18/2020,12/18/2020 12:12:36,2020-12-14,Pigs Early Weaned,10 to 12 lb,Formula,600 - 1200,800,46.81,46.81,46.81,45.39,12/11/2020,,,511,2020,12
12/14/2020,12/18/2020,12/18/2020 12:12:36,2020-12-14,Pigs Early Weaned,10 to 12 lb,Formula,Total Composite,56269,36.56,50.81,43.07,41.94,12/11/2020,,,511,2020,12
12/14/2020,12/18/2020,12/18/2020 12:12:36,2020-12-14,Pigs Early Weaned,10 to 12 lb,Cash,Total Composite,52830,35.0,55.0,48.71,45.81,12/11/2020,,,511,2020,12
12/21/2020,12/25/2020,12/23/2020 13:06:33,2020-12-21,Pigs Early Weaned,10 to 12 lb,Formula,> 1200,50714,39.66,53.71,44.37,43.02,12/18/2020,,,521,2020,13
12/21/2020,12/25/2020,12/23/2020 13:06:33,2020-12-21,Pigs Early Weaned,10 to 12 lb,Cash,Total Composite,37530,39.0,55.0,50.54,48.71,12/18/2020,,,521,2020,13
12/21/2020,12/25/2020,12/23/2020 13:06:33,2020-12-21,Pigs Early Weaned,10 to 12 lb,Cash,600 - 1200,6480,39.0,55.0,48.19,45.78,12/18/2020,,,521,2020,13
12/21/2020,12/25/2020,12/23/2020 13:06:33,2020-12-21,Pigs Early Weaned,10 to 12 lb,Cash,> 1200,31050,45.0,55.0,51.03,49.13,12/18/2020,,,521,2020,13
12/21/2020,12/25/2020,12/23/2020 13:06:33,2020-12-21,Pigs,40 lb,Cash,Total Composite,13450,52.0,65.0,59.7,56.15,12/18/2020,,,521,2020,13
12/21/2020,12/25/2020,12/23/2020 13:06:33,2020-12-21,Pigs,40 lb,Cash,600 - 1200,3700,52.0,65.0,59.65,55.76,12/18/2020,,,521,2020,13
12/21/2020,12/25/2020,12/23/2020 13:06:33,2020-12-21,Pigs,40 lb,Cash,> 1200,9750,57.0,64.0,59.72,58.0,12/18/2020,,,521,2020,13
12/21/2020,12/25/2020,12/23/2020 13:06:33,2020-12-21,Pigs Early Weaned,10 to 12 lb,Formula,600 - 1200,1980,45.71,49.71,47.33,46.81,12/18/2020,,,521,2020,13
12/21/2020,12/25/2020,12/23/2020 13:06:33,2020-12-21,Pigs Early Weaned,10 to 12 lb,Formula,Total Composite,52694,39.66,53.71,44.48,43.07,12/18/2020,,,521,2020,13
12/28/2020,01/01/2021,12/31/2020 12:15:24,2020-12-28,Pigs Early Weaned,10 to 12 lb,Formula,> 1200,47410,39.66,55.54,45.4,44.37,12/25/2020,,,531,2020,14
12/28/2020,01/01/2021,12/31/2020 12:15:24,2020-12-28,Pigs Early Weaned,10 to 12 lb,Cash,Total Composite,29096,43.0,63.0,55.04,50.54,12/25/2020,,,531,2020,14
12/28/2020,01/01/2021,12/31/2020 12:15:24,2020-12-28,Pigs,40 lb,Cash,Total Composite,5700,59.0,72.0,67.38,59.7,12/25/2020,,,531,2020,14
12/28/2020,01/01/2021,12/31/2020 12:15:24,2020-12-28,Pigs Early Weaned,10 to 12 lb,Cash,600 - 1200,1950,47.75,55.0,51.28,48.19,12/25/2020,,,531,2020,14
12/28/2020,01/01/2021,12/31/2020 12:15:24,2020-12-28,Pigs Early Weaned,10 to 12 lb,Cash,> 1200,27146,43.0,63.0,55.31,51.03,12/25/2020,,,531,2020,14
12/28/2020,01/01/2021,12/31/2020 12:15:24,2020-12-28,Pigs Early Weaned,10 to 12 lb,Formula,Total Composite,47410,39.66,55.54,45.4,44.48,12/25/2020,,,531,2020,14
12/28/2020,01/01/2021,12/31/2020 12:15:24,2020-12-28,Pigs,40 lb,Cash,> 1200,4400,64.0,68.5,66.45,59.72,12/25/2020,,,531,2020,14
12/28/2020,01/01/2021,12/31/2020 12:15:24,2020-12-28,Pigs,40 lb,Cash,600 - 1200,1150,72.0,72.0,72.0,59.65,12/25/2020,,,531,2020,14
12/28/2020,01/01/2021,12/31/2020 12:15:24,2020-12-28,Pigs,40 lb,Cash,< 600,150,59.0,59.0,59.0,,12/25/2020,,,531,2020,14
01/04/2021,01/08/2021,01/08/2021 12:24:12,2021-01-04,Pigs,40 lb,Cash,600 - 1200,4375,61.0,71.5,65.28,72.0,01/01/2021,,,21,2021,1
01/04/2021,01/08/2021,01/08/2021 12:24:12,2021-01-04,Pigs Early Weaned,10 to 12 lb,Cash,< 600,1000,37.0,52.0,45.35,,01/01/2021,,,21,2021,1
01/04/2021,01/08/2021,01/08/2021 12:24:12,2021-01-04,Pigs Early Weaned,10 to 12 lb,Cash,> 1200,49630,44.0,65.0,58.46,55.31,01/01/2021,,,21,2021,1
01/04/2021,01/08/2021,01/08/2021 12:24:12,2021-01-04,Pigs,40 lb,Cash,Total Composite,14375,61.0,74.0,68.8,67.38,01/01/2021,,,21,2021,1
01/04/2021,01/08/2021,01/08/2021 12:24:12,2021-01-04,Pigs Early Weaned,10 to 12 lb,Cash,Total Composite,55293,37.0,65.0,57.56,55.04,01/01/2021,,,21,2021,1
01/04/2021,01/08/2021,01/08/2021 12:24:12,2021-01-04,Pigs Early Weaned,10 to 12 lb,Cash,600 - 1200,4663,41.0,57.0,50.6,51.28,01/01/2021,,,21,2021,1
01/04/2021,01/08/2021,01/08/2021 12:24:12,2021-01-04,Pigs Early Weaned,10 to 12 lb,Formula,> 1200,56597,38.25,58.04,45.73,45.4,01/01/2021,,,21,2021,1
01/04/2021,01/08/2021,01/08/2021 12:24:12,2021-01-04,Pigs Early Weaned,10 to 12 lb,Formula,Total Composite,56597,38.25,58.04,45.73,45.4,01/01/2021,,,21,2021,1
01/04/2021,01/08/2021,01/08/2021 12:24:12,2021-01-04,Pigs,40 lb,Cash,> 1200,10000,64.0,74.0,70.34,66.45,01/01/2021,,,21,2021,1
01/11/2021,01/15/2021,01/15/2021 12:32:51,2021-01-11,Pigs Early Weaned,10 to 12 lb,Formula,600 - 1200,2300,47.5,54.56,51.03,,01/08/2021,,,31,2021,2
01/11/2021,01/15/2021,01/15/2021 12:32:51,2021-01-11,Pigs Early Weaned,10 to 12 lb,Cash,Total Composite,46650,44.0,65.0,59.54,57.56,01/08/2021,,,31,2021,2
01/11/2021,01/15/2021,01/15/2021 12:32:51,2021-01-11,Pigs Early Weaned,10 to 12 lb,Cash,600 - 1200,2350,52.0,56.0,54.55,50.6,01/08/2021,,,31,2021,2
01/11/2021,01/15/2021,01/15/2021 12:32:51,2021-01-11,Pigs Early Weaned,10 to 12 lb,Cash,< 600,500,55.5,55.5,55.5,45.35,01/08/2021,,,31,2021,2
01/11/2021,01/15/2021,01/15/2021 12:32:51,2021-01-11,Pigs Early Weaned,10 to 12 lb,Formula,> 1200,25902,40.37,62.56,48.91,45.73,01/08/2021,,,31,2021,2
01/11/2021,01/15/2021,01/15/2021 12:32:51,2021-01-11,Pigs Early Weaned,10 to 12 lb,Formula,Total Composite,28202,40.37,62.56,49.09,45.73,01/08/2021,,,31,2021,2
01/11/2021,01/15/2021,01/15/2021 12:32:51,2021-01-11,Pigs Early Weaned,10 to 12 lb,Cash,> 1200,43800,44.0,65.0,59.86,58.46,01/08/2021,,,31,2021,2
01/11/2021,01/15/2021,01/15/2021 12:32:51,2021-01-11,Pigs,40 lb,Cash,600 - 1200,2825,54.0,65.0,61.46,65.28,01/08/2021,,,31,2021,2
01/11/2021,01/15/2021,01/15/2021 12:32:51,2021-01-11,Pigs,40 lb,Cash,> 1200,1250,71.0,71.0,71.0,70.34,01/08/2021,,,31,2021,2
01/11/2021,01/15/2021,01/15/2021 12:32:51,2021-01-11,Pigs,40 lb,Cash,< 600,1599,64.0,69.0,67.0,,01/08/2021,,,31,2021,2
01/11/2021,01/15/2021,01/15/2021 12:32:51,2021-01-11,Pigs,40 lb,Cash,Total Composite,5674,54.0,71.0,65.12,68.8,01/08/2021,,,31,2021,2
01/18/2021,01/22/2021,01/22/2021 12:46:36,2021-01-18,Pigs Early Weaned,10 to 12 lb,Cash,> 1200,33391,49.0,65.0,58.6,59.86,01/15/2021,,,41,2021,3
01/18/2021,01/22/2021,01/22/2021 12:46:36,2021-01-18,Pigs Early Weaned,10 to 12 lb,Cash,600 - 1200,3750,53.0,62.0,57.29,54.55,01/15/2021,,,41,2021,3
01/18/2021,01/22/2021,01/22/2021 12:46:36,2021-01-18,Pigs Early Weaned,10 to 12 lb,Cash,Total Composite,37141,49.0,65.0,58.47,59.54,01/15/2021,,,41,2021,3
01/18/2021,01/22/2021,01/22/2021 12:46:36,2021-01-18,Pigs,40 lb,Cash,> 1200,3700,70.0,75.0,73.38,71.0,01/15/2021,,,41,2021,3
01/18/2021,01/22/2021,01/22/2021 12:46:36,2021-01-18,Pigs,40 lb,Cash,< 600,2780,56.0,69.0,66.6,67.0,01/15/2021,,,41,2021,3
01/18/2021,01/22/2021,01/22/2021 12:46:36,2021-01-18,Pigs Early Weaned,10 to 12 lb,Formula,> 1200,46790,38.34,64.54,47.29,48.91,01/15/2021,,,41,2021,3
01/18/2021,01/22/2021,01/22/2021 12:46:36,2021-01-18,Pigs Early Weaned,10 to 12 lb,Formula,600 - 1200,1800,54.56,56.04,55.51,51.03,01/15/2021,,,41,2021,3
01/18/2021,01/22/2021,01/22/2021 12:46:36,2021-01-18,Pigs,40 lb,Cash,Total Composite,7180,56.0,75.0,70.33,65.12,01/15/2021,,,41,2021,3
01/18/2021,01/22/2021,01/22/2021 12:46:36,2021-01-18,Pigs,40 lb,Cash,600 - 1200,700,69.0,69.0,69.0,61.46,01/15/2021,,,41,2021,3
01/18/2021,01/22/2021,01/22/2021 12:46:36,2021-01-18,Pigs Early Weaned,10 to 12 lb,Formula,Total Composite,49265,38.34,64.54,47.77,49.09,01/15/2021,,,41,2021,3
01/18/2021,01/22/2021,01/22/2021 12:46:36,2021-01-18,Pigs Early Weaned,10 to 12 lb,Formula,< 600,675,60.54,60.54,60.54,,01/15/2021,,,41,2021,3
01/25/2021,01/29/2021,01/29/2021 11:53:12,2021-01-25,Pigs Early Weaned,10 to 12 lb,Formula,Total Composite,51069,39.12,63.47,48.62,47.77,01/22/2021,,,51,2021,4
01/25/2021,01/29/2021,01/29/2021 11:53:12,2021-01-25,Pigs Early Weaned,10 to 12 lb,Cash,< 600,2500,49.0,62.0,57.38,,01/22/2021,,,51,2021,4
01/25/2021,01/29/2021,01/29/2021 11:53:12,2021-01-25,Pigs Early Weaned,10 to 12 lb,Cash,> 1200,33300,54.0,65.0,62.39,58.6,01/22/2021,,,51,2021,4
01/25/2021,01/29/2021,01/29/2021 11:53:12,2021-01-25,Pigs Early Weaned,10 to 12 lb,Cash,600 - 1200,6030,46.0,65.0,58.18,57.29,01/22/2021,,,51,2021,4
01/25/2021,01/29/2021,01/29/2021 11:53:12,2021-01-25,Pigs Early Weaned,10 to 12 lb,Cash,Total Composite,41830,46.0,65.0,61.48,58.47,01/22/2021,,,51,2021,4
01/25/2021,01/29/2021,01/29/2021 11:53:12,2021-01-25,Pigs,40 lb,Cash,< 600,1905,66.0,70.0,67.36,66.6,01/22/2021,,,51,2021,4
01/25/2021,01/29/2021,01/29/2021 11:53:12,2021-01-25,Pigs,40 lb,Cash,> 1200,1200,67.0,67.0,67.0,73.38,01/22/2021,,,51,2021,4
01/25/2021,01/29/2021,01/29/2021 11:53:12,2021-01-25,Pigs,40 lb,Cash,600 - 1200,750,70.0,70.0,70.0,69.0,01/22/2021,,,51,2021,4
01/25/2021,01/29/2021,01/29/2021 11:53:12,2021-01-25,Pigs,40 lb,Cash,Total Composite,3855,66.0,70.0,67.76,70.33,01/22/2021,,,51,2021,4
01/25/2021,01/29/2021,01/29/2021 11:53:12,2021-01-25,Pigs Early Weaned,10 to 12 lb,Formula,> 1200,50229,39.12,63.47,48.51,47.29,01/22/2021,,,51,2021,4
01/25/2021,01/29/2021,01/29/2021 11:53:12,2021-01-25,Pigs Early Weaned,10 to 12 lb,Formula,600 - 1200,840,55.47,55.47,55.47,55.51,01/22/2021,,,51,2021,4
02/01/2021,02/05/2021,02/05/2021 12:05:46,2021-02-01,Pigs Early Weaned,10 to 12 lb,Formula,> 1200,35782,39.6,66.48,50.1,48.51,01/29/2021,,,61,2021,5
02/01/2021,02/05/2021,02/05/2021 12:05:46,2021-02-01,Pigs Early Weaned,10 to 12 lb,Formula,Total Composite,35782,39.6,66.48,50.1,48.62,01/29/2021,,,61,2021,5
02/01/2021,02/05/2021,02/05/2021 12:05:46,2021-02-01,Pigs Early Weaned,10 to 12 lb,Cash,Total Composite,42100,45.5,64.0,60.03,61.48,01/29/2021,,,61,2021,5
02/01/2021,02/05/2021,02/05/2021 12:05:46,2021-02-01,Pigs Early Weaned,10 to 12 lb,Cash,> 1200,39925,45.5,64.0,59.99,62.39,01/29/2021,,,61,2021,5
02/01/2021,02/05/2021,02/05/2021 12:05:46,2021-02-01,Pigs Early Weaned,10 to 12 lb,Cash,< 600,1075,59.0,60.0,59.53,57.38,01/29/2021,,,61,2021,5
02/01/2021,02/05/2021,02/05/2021 12:05:46,2021-02-01,Pigs Early Weaned,10 to 12 lb,Cash,600 - 1200,1100,62.0,62.0,62.0,58.18,01/29/2021,,,61,2021,5
02/01/2021,02/05/2021,02/05/2021 12:05:46,2021-02-01,Pigs,40 lb,Cash,Total Composite,8305,64.0,80.0,74.76,67.76,01/29/2021,,,61,2021,5
02/01/2021,02/05/2021,02/05/2021 12:05:46,2021-02-01,Pigs,40 lb,Cash,< 600,680,64.0,69.0,66.94,67.36,01/29/2021,,,61,2021,5
02/01/2021,02/05/2021,02/05/2021 12:05:46,2021-02-01,Pigs,40 lb,Cash,> 1200,4000,80.0,80.0,80.0,67.0,01/29/2021,,,61,2021,5
02/01/2021,02/05/2021,02/05/2021 12:05:46,2021-02-01,Pigs,40 lb,Cash,600 - 1200,3625,67.0,74.0,70.43,70.0,01/29/2021,,,61,2021,5
02/08/2021,02/12/2021,02/12/2021 12:06:35,2021-02-08,Pigs Early Weaned,10 to 12 lb,Cash,Total Composite,23125,50.0,65.0,60.0,60.03,02/05/2021,,,71,2021,6
02/08/2021,02/12/2021,02/12/2021 12:06:35,2021-02-08,Pigs Early Weaned,10 to 12 lb,Cash,600 - 1200,4250,50.0,65.0,59.74,62.0,02/05/2021,,,71,2021,6
02/08/2021,02/12/2021,02/12/2021 12:06:35,2021-02-08,Pigs Early Weaned,10 to 12 lb,Cash,> 1200,18625,53.0,65.0,60.07,59.99,02/05/2021,,,71,2021,6
02/08/2021,02/12/2021,02/12/2021 12:06:35,2021-02-08,Pigs Early Weaned,10 to 12 lb,Cash,< 600,250,59.0,59.0,59.0,59.53,02/05/2021,,,71,2021,6
02/08/2021,02/12/2021,02/12/2021 12:06:35,2021-02-08,Pigs,40 lb,Cash,< 600,1475,68.5,78.0,74.46,66.94,02/05/2021,,,71,2021,6
02/08/2021,02/12/2021,02/12/2021 12:06:35,2021-02-08,Pigs,40 lb,Cash,> 1200,5200,78.0,80.0,79.54,80.0,02/05/2021,,,71,2021,6
02/08/2021,02/12/2021,02/12/2021 12:06:35,2021-02-08,Pigs,40 lb,Cash,600 - 1200,2890,71.0,80.0,76.31,70.43,02/05/2021,,,71,2021,6
02/08/2021,02/12/2021,02/12/2021 12:06:35,2021-02-08,Pigs,40 lb,Cash,Total Composite,9565,68.5,80.0,77.78,74.76,02/05/2021,,,71,2021,6
02/08/2021,02/12/2021,02/12/2021 12:06:35,2021-02-08,Pigs Early Weaned,10 to 12 lb,Formula,Total Composite,32776,39.5,65.03,49.55,50.1,02/05/2021,,,71,2021,6
02/08/2021,02/12/2021,02/12/2021 12:06:35,2021-02-08,Pigs Early Weaned,10 to 12 lb,Formula,> 1200,32776,39.5,65.03,49.55,50.1,02/05/2021,,,71,2021,6
02/15/2021,02/19/2021,02/19/2021 12:34:38,2021-02-15,Pigs Early Weaned,10 to 12 lb,Formula,600 - 1200,1000,61.1,61.1,61.1,,02/12/2021,,,81,2021,7
02/15/2021,02/19/2021,02/19/2021 12:34:38,2021-02-15,Pigs,40 lb,Cash,< 600,1075,80.0,89.0,84.4,74.46,02/12/2021,,,81,2021,7
02/15/2021,02/19/2021,02/19/2021 12:34:38,2021-02-15,Pigs,40 lb,Cash,> 1200,1300,81.0,81.0,81.0,79.54,02/12/2021,,,81,2021,7
02/15/2021,02/19/2021,02/19/2021 12:34:38,2021-02-15,Pigs Early Weaned,10 to 12 lb,Cash,> 1200,28200,58.0,70.0,66.77,60.07,02/12/2021,,,81,2021,7
02/15/2021,02/19/2021,02/19/2021 12:34:38,2021-02-15,Pigs Early Weaned,10 to 12 lb,Cash,600 - 1200,650,60.0,60.0,60.0,59.74,02/12/2021,,,81,2021,7
02/15/2021,02/19/2021,02/19/2021 12:34:38,2021-02-15,Pigs Early Weaned,10 to 12 lb,Cash,Total Composite,28850,58.0,70.0,66.62,60.0,02/12/2021,,,81,2021,7
02/15/2021,02/19/2021,02/19/2021 12:34:38,2021-02-15,Pigs Early Weaned,10 to 12 lb,Formula,> 1200,27140,40.86,65.0,49.2,49.55,02/12/2021,,,81,2021,7
02/15/2021,02/19/2021,02/19/2021 12:34:38,2021-02-15,Pigs Early Weaned,10 to 12 lb,Formula,Total Composite,28140,40.86,65.0,49.63,49.55,02/12/2021,,,81,2021,7
02/15/2021,02/19/2021,02/19/2021 12:34:38,2021-02-15,Pigs,40 lb,Cash,600 - 1200,3150,69.0,92.0,79.94,76.31,02/12/2021,,,81,2021,7
02/15/2021,02/19/2021,02/19/2021 12:34:38,2021-02-15,Pigs,40 lb,Cash,Total Composite,5525,69.0,92.0,81.05,77.78,02/12/2021,,,81,2021,7
02/22/2021,02/26/2021,02/26/2021 12:31:05,2021-02-22,Pigs,40 lb,Cash,> 1200,2400,90.0,90.0,90.0,81.0,02/19/2021,,,91,2021,8
02/22/2021,02/26/2021,02/26/2021 12:31:05,2021-02-22,Pigs,40 lb,Cash,600 - 1200,1800,84.0,84.0,84.0,79.94,02/19/2021,,,91,2021,8
02/22/2021,02/26/2021,02/26/2021 12:31:05,2021-02-22,Pigs,40 lb,Cash,Total Composite,4200,84.0,90.0,87.43,81.05,02/19/2021,,,91,2021,8
02/22/2021,02/26/2021,02/26/2021 12:31:05,2021-02-22,Pigs Early Weaned,10 to 12 lb,Formula,> 1200,33081,38.33,69.62,51.49,49.2,02/19/2021,,,91,2021,8
02/22/2021,02/26/2021,02/26/2021 12:31:05,2021-02-22,Pigs Early Weaned,10 to 12 lb,Formula,600 - 1200,1900,66.62,69.27,68.15,61.1,02/19/2021,,,91,2021,8
02/22/2021,02/26/2021,02/26/2021 12:31:05,2021-02-22,Pigs Early Weaned,10 to 12 lb,Cash,Total Composite,24275,51.0,70.0,62.7,66.62,02/19/2021,,,91,2021,8
02/22/2021,02/26/2021,02/26/2021 12:31:05,2021-02-22,Pigs Early Weaned,10 to 12 lb,Cash,600 - 1200,2200,57.0,60.0,58.64,60.0,02/19/2021,,,91,2021,8
02/22/2021,02/26/2021,02/26/2021 12:31:05,2021-02-22,Pigs Early Weaned,10 to 12 lb,Cash,> 1200,21525,51.0,70.0,63.14,66.77,02/19/2021,,,91,2021,8
02/22/2021,02/26/2021,02/26/2021 12:31:05,2021-02-22,Pigs Early Weaned,10 to 12 lb,Cash,< 600,550,62.0,62.0,62.0,,02/19/2021,,,91,2021,8
02/22/2021,02/26/2021,02/26/2021 12:31:05,2021-02-22,Pigs Early Weaned,10 to 12 lb,Formula,Total Composite,34981,38.33,69.62,52.39,49.63,02/19/2021,,,91,2021,8
03/01/2021,03/05/2021,03/05/2021 12:20:56,2021-03-01,Pigs Early Weaned,10 to 12 lb,Cash,< 600,1100,60.0,62.5,61.19,62.0,02/26/2021,,,101,2021,9
03/01/2021,03/05/2021,03/05/2021 12:20:56,2021-03-01,Pigs Early Weaned,10 to 12 lb,Cash,> 1200,28242,43.0,68.0,54.73,63.14,02/26/2021,,,101,2021,9
03/01/2021,03/05/2021,03/05/2021 12:20:56,2021-03-01,Pigs,40 lb,Cash,Total Composite,8180,81.0,94.0,90.21,87.43,02/26/2021,,,101,2021,9
03/01/2021,03/05/2021,03/05/2021 12:20:56,2021-03-01,Pigs Early Weaned,10 to 12 lb,Cash,Total Composite,31542,43.0,68.0,55.14,62.7,02/26/2021,,,101,2021,9
03/01/2021,03/05/2021,03/05/2021 12:20:56,2021-03-01,Pigs,40 lb,Cash,> 1200,4200,91.0,91.0,91.0,90.0,02/26/2021,,,101,2021,9
03/01/2021,03/05/2021,03/05/2021 12:20:56,2021-03-01,Pigs,40 lb,Cash,600 - 1200,3200,81.0,93.0,88.69,84.0,02/26/2021,,,101,2021,9
03/01/2021,03/05/2021,03/05/2021 12:20:56,2021-03-01,Pigs Early Weaned,10 to 12 lb,Cash,600 - 1200,2200,54.0,60.0,57.45,58.64,02/26/2021,,,101,2021,9
03/01/2021,03/05/2021,03/05/2021 12:20:56,2021-03-01,Pigs Early Weaned,10 to 12 lb,Formula,Total Composite,37058,47.0,67.7,54.25,52.39,02/26/2021,,,101,2021,9
03/01/2021,03/05/2021,03/05/2021 12:20:56,2021-03-01,Pigs Early Weaned,10 to 12 lb,Formula,> 1200,37058,47.0,67.7,54.25,51.49,02/26/2021,,,101,2021,9
03/01/2021,03/05/2021,03/05/2021 12:20:56,2021-03-01,Pigs,40 lb,Cash,< 600,780,89.0,94.0,92.21,,02/26/2021,,,101,2021,9
03/08/2021,03/12/2021,03/12/2021 11:48:52,2021-03-08,Pigs Early Weaned,10 to 12 lb,Cash,Total Composite,53820,40.0,65.0,56.58,55.14,03/05/2021,,,111,2021,10
03/08/2021,03/12/2021,03/12/2021 11:48:52,2021-03-08,Pigs Early Weaned,10 to 12 lb,Cash,600 - 1200,2940,52.0,65.0,56.42,57.45,03/05/2021,,,111,2021,10
03/08/2021,03/12/2021,03/12/2021 11:48:52,2021-03-08,Pigs Early Weaned,10 to 12 lb,Cash,> 1200,50330,40.0,63.0,56.64,54.73,03/05/2021,,,111,2021,10
03/08/2021,03/12/2021,03/12/2021 11:48:52,2021-03-08,Pigs,40 lb,Cash,< 600,1235,83.0,90.0,86.73,92.21,03/05/2021,,,111,2021,10
03/08/2021,03/12/2021,03/12/2021 11:48:52,2021-03-08,Pigs,40 lb,Cash,600 - 1200,1900,84.0,95.0,90.05,88.69,03/05/2021,,,111,2021,10
03/08/2021,03/12/2021,03/12/2021 11:48:52,2021-03-08,Pigs,40 lb,Cash,Total Composite,7835,83.0,95.0,90.38,90.21,03/05/2021,,,111,2021,10
03/08/2021,03/12/2021,03/12/2021 11:48:52,2021-03-08,Pigs Early Weaned,10 to 12 lb,Formula,> 1200,48197,33.83,60.14,47.38,54.25,03/05/2021,,,111,2021,10
03/08/2021,03/12/2021,03/12/2021 11:48:52,2021-03-08,Pigs Early Weaned,10 to 12 lb,Formula,Total Composite,48197,33.83,60.14,47.38,54.25,03/05/2021,,,111,2021,10
03/08/2021,03/12/2021,03/12/2021 11:48:52,2021-03-08,Pigs,40 lb,Cash,> 1200,4700,90.0,93.0,91.47,91.0,03/05/2021,,,111,2021,10
03/08/2021,03/12/2021,03/12/2021 11:48:52,2021-03-08,Pigs Early Weaned,10 to 12 lb,Cash,< 600,550,52.0,52.0,52.0,61.19,03/05/2021,,,111,2021,10
03/15/2021,03/19/2021,03/19/2021 12:04:55,2021-03-15,Pigs,40 lb,Cash,Total Composite,850,81.0,91.0,84.53,90.38,03/12/2021,,,121,2021,11
03/15/2021,03/19/2021,03/19/2021 12:04:55,2021-03-15,Pigs,40 lb,Cash,< 600,850,81.0,91.0,84.53,86.73,03/12/2021,,,121,2021,11
03/15/2021,03/19/2021,03/19/2021 12:04:55,2021-03-15,Pigs Early Weaned,10 to 12 lb,Formula,> 1200,48346,34.27,61.58,45.29,47.38,03/12/2021,,,121,2021,11
03/15/2021,03/19/2021,03/19/2021 12:04:55,2021-03-15,Pigs Early Weaned,10 to 12 lb,Cash,Total Composite,32650,45.0,63.0,53.56,56.58,03/12/2021,,,121,2021,11
03/15/2021,03/19/2021,03/19/2021 12:04:55,2021-03-15,Pigs Early Weaned,10 to 12 lb,Cash,600 - 1200,2550,55.0,58.0,56.8,56.42,03/12/2021,,,121,2021,11
03/15/2021,03/19/2021,03/19/2021 12:04:55,2021-03-15,Pigs Early Weaned,10 to 12 lb,Cash,> 1200,30100,45.0,63.0,53.29,56.64,03/12/2021,,,121,2021,11
03/15/2021,03/19/2021,03/19/2021 12:04:55,2021-03-15,Pigs Early Weaned,10 to 12 lb,Formula,Total Composite,48346,34.27,61.58,45.29,47.38,03/12/2021,,,121,2021,11
03/22/2021,03/26/2021,03/26/2021 12:06:57,2021-03-22,Pigs,40 lb,Cash,> 1200,1300,103.0,103.0,103.0,,03/19/2021,,,131,2021,12
03/22/2021,03/26/2021,03/26/2021 12:06:57,2021-03-22,Pigs,40 lb,Cash,600 - 1200,3200,89.0,104.0,95.19,,03/19/2021,,,131,2021,12
03/22/2021,03/26/2021,03/26/2021 12:06:57,2021-03-22,Pigs,40 lb,Cash,Total Composite,4500,89.0,104.0,97.44,84.53,03/19/2021,,,131,2021,12
03/22/2021,03/26/2021,03/26/2021 12:06:57,2021-03-22,Pigs Early Weaned,10 to 12 lb,Formula,Total Composite,39077,39.76,56.56,47.22,45.29,03/19/2021,,,131,2021,12
03/22/2021,03/26/2021,03/26/2021 12:06:57,2021-03-22,Pigs Early Weaned,10 to 12 lb,Formula,> 1200,39077,39.76,56.56,47.22,45.29,03/19/2021,,,131,2021,12
03/22/2021,03/26/2021,03/26/2021 12:06:57,2021-03-22,Pigs Early Weaned,10 to 12 lb,Cash,< 600,400,53.5,53.5,53.5,,03/19/2021,,,131,2021,12
03/22/2021,03/26/2021,03/26/2021 12:06:57,2021-03-22,Pigs Early Weaned,10 to 12 lb,Cash,Total Composite,51025,47.0,63.0,54.91,53.56,03/19/2021,,,131,2021,12
03/22/2021,03/26/2021,03/26/2021 12:06:57,2021-03-22,Pigs Early Weaned,10 to 12 lb,Cash,600 - 1200,3500,53.0,58.0,56.0,56.8,03/19/2021,,,131,2021,12
03/22/2021,03/26/2021,03/26/2021 12:06:57,2021-03-22,Pigs Early Weaned,10 to 12 lb,Cash,> 1200,47125,47.0,63.0,54.84,53.29,03/19/2021,,,131,2021,12
03/29/2021,04/02/2021,04/02/2021 12:00:43,2021-03-29,Pigs,40 lb,Cash,> 1200,2200,103.0,103.0,103.0,103.0,03/26/2021,,,141,2021,13
03/29/2021,04/02/2021,04/02/2021 12:00:43,2021-03-29,Pigs,40 lb,Cash,600 - 1200,2300,99.0,99.0,99.0,95.19,03/26/2021,,,141,2021,13
03/29/2021,04/02/2021,04/02/2021 12:00:43,2021-03-29,Pigs,40 lb,Cash,Total Composite,4500,99.0,103.0,100.96,97.44,03/26/2021,,,141,2021,13
03/29/2021,04/02/2021,04/02/2021 12:00:43,2021-03-29,Pigs Early Weaned,10 to 12 lb,Cash,> 1200,26825,47.0,58.0,53.01,54.84,03/26/2021,,,141,2021,13
03/29/2021,04/02/2021,04/02/2021 12:00:43,2021-03-29,Pigs Early Weaned,10 to 12 lb,Formula,Total Composite,36473,35.63,60.41,44.26,47.22,03/26/2021,,,141,2021,13
03/29/2021,04/02/2021,04/02/2021 12:00:43,2021-03-29,Pigs Early Weaned,10 to 12 lb,Cash,Total Composite,30775,41.0,58.0,52.81,54.91,03/26/2021,,,141,2021,13
03/29/2021,04/02/2021,04/02/2021 12:00:43,2021-03-29,Pigs Early Weaned,10 to 12 lb,Cash,600 - 1200,3950,41.0,58.0,51.47,56.0,03/26/2021,,,141,2021,13
03/29/2021,04/02/2021,04/02/2021 12:00:43,2021-03-29,Pigs Early Weaned,10 to 12 lb,Formula,> 1200,36473,35.63,60.41,44.26,47.22,03/26/2021,,,141,2021,13
04/05/2021,04/09/2021,04/09/2021 12:05:17,2021-04-05,Pigs Early Weaned,10 to 12 lb,Formula,Total Composite,53089,35.54,58.31,45.22,44.26,04/02/2021,,,151,2021,14
04/05/2021,04/09/2021,04/09/2021 12:05:17,2021-04-05,Pigs,40 lb,Cash,Total Composite,8230,90.0,110.0,98.72,100.96,04/02/2021,,,151,2021,14
04/05/2021,04/09/2021,04/09/2021 12:05:17,2021-04-05,Pigs,40 lb,Cash,600 - 1200,2050,96.0,105.0,99.73,99.0,04/02/2021,,,151,2021,14
04/05/2021,04/09/2021,04/09/2021 12:05:17,2021-04-05,Pigs,40 lb,Cash,> 1200,5100,90.0,110.0,99.41,103.0,04/02/2021,,,151,2021,14
04/05/2021,04/09/2021,04/09/2021 12:05:17,2021-04-05,Pigs,40 lb,Cash,< 600,1080,90.0,97.0,93.56,,04/02/2021,,,151,2021,14
04/05/2021,04/09/2021,04/09/2021 12:05:17,2021-04-05,Pigs Early Weaned,10 to 12 lb,Formula,600 - 1200,4202,44.33,45.45,44.73,,04/02/2021,,,151,2021,14
04/05/2021,04/09/2021,04/09/2021 12:05:17,2021-04-05,Pigs Early Weaned,10 to 12 lb,Formula,> 1200,48887,35.54,58.31,45.26,44.26,04/02/2021,,,151,2021,14
04/05/2021,04/09/2021,04/09/2021 12:05:17,2021-04-05,Pigs Early Weaned,10 to 12 lb,Cash,Total Composite,47505,42.0,58.0,53.62,52.81,04/02/2021,,,151,2021,14
04/05/2021,04/09/2021,04/09/2021 12:05:17,2021-04-05,Pigs Early Weaned,10 to 12 lb,Cash,> 1200,46655,42.0,58.0,53.65,53.01,04/02/2021,,,151,2021,14
04/05/2021,04/09/2021,04/09/2021 12:05:17,2021-04-05,Pigs Early Weaned,10 to 12 lb,Cash,600 - 1200,850,52.0,52.0,52.0,51.47,04/02/2021,,,151,2021,14
04/12/2021,04/16/2021,04/16/2021 12:04:27,2021-04-12,Pigs Early Weaned,10 to 12 lb,Cash,Total Composite,40200,44.0,58.0,53.33,53.62,04/09/2021,,,161,2021,15
04/12/2021,04/16/2021,04/16/2021 12:04:27,2021-04-12,Pigs Early Weaned,10 to 12 lb,Cash,600 - 1200,2400,46.5,50.0,47.82,52.0,04/09/2021,,,161,2021,15
04/12/2021,04/16/2021,04/16/2021 12:04:27,2021-04-12,Pigs Early Weaned,10 to 12 lb,Formula,> 1200,47739,40.0,59.12,47.22,45.26,04/09/2021,,,161,2021,15
04/12/2021,04/16/2021,04/16/2021 12:04:27,2021-04-12,Pigs Early Weaned,10 to 12 lb,Formula,600 - 1200,1425,50.62,53.62,51.94,44.73,04/09/2021,,,161,2021,15
04/12/2021,04/16/2021,04/16/2021 12:04:27,2021-04-12,Pigs Early Weaned,10 to 12 lb,Formula,Total Composite,49164,40.0,59.12,47.35,45.22,04/09/2021,,,161,2021,15
04/12/2021,04/16/2021,04/16/2021 12:04:27,2021-04-12,Pigs Early Weaned,10 to 12 lb,Cash,> 1200,37800,44.0,58.0,53.68,53.65,04/09/2021,,,161,2021,15
04/12/2021,04/16/2021,04/16/2021 12:04:27,2021-04-12,Pigs,40 lb,Cash,Total Composite,9000,97.0,110.0,101.31,98.72,04/09/2021,,,161,2021,15
04/12/2021,04/16/2021,04/16/2021 12:04:27,2021-04-12,Pigs,40 lb,Cash,> 1200,5600,97.0,102.5,100.14,99.41,04/09/2021,,,161,2021,15
04/12/2021,04/16/2021,04/16/2021 12:04:27,2021-04-12,Pigs,40 lb,Cash,< 600,1000,98.0,101.5,99.75,93.56,04/09/2021,,,161,2021,15
04/12/2021,04/16/2021,04/16/2021 12:04:27,2021-04-12,Pigs,40 lb,Cash,600 - 1200,2400,100.0,110.0,104.69,99.73,04/09/2021,,,161,2021,15
04/19/2021,04/23/2021,04/23/2021 12:15:55,2021-04-19,Pigs,40 lb,Cash,600 - 1200,5115,90.0,112.0,99.58,104.69,04/16/2021,,,171,2021,16
04/19/2021,04/23/2021,04/23/2021 12:15:55,2021-04-19,Pigs,40 lb,Cash,> 1200,1500,101.0,101.0,101.0,100.14,04/16/2021,,,171,2021,16
04/19/2021,04/23/2021,04/23/2021 12:15:55,2021-04-19,Pigs,40 lb,Cash,< 600,810,98.0,98.0,98.0,99.75,04/16/2021,,,171,2021,16
04/19/2021,04/23/2021,04/23/2021 12:15:55,2021-04-19,Pigs Early Weaned,10 to 12 lb,Cash,Total Composite,35050,42.0,59.0,50.94,53.33,04/16/2021,,,171,2021,16
04/19/2021,04/23/2021,04/23/2021 12:15:55,2021-04-19,Pigs Early Weaned,10 to 12 lb,Cash,600 - 1200,1750,46.0,57.5,49.94,47.82,04/16/2021,,,171,2021,16
04/19/2021,04/23/2021,04/23/2021 12:15:55,2021-04-19,Pigs Early Weaned,10 to 12 lb,Cash,> 1200,32850,42.0,59.0,50.98,53.68,04/16/2021,,,171,2021,16
04/19/2021,04/23/2021,04/23/2021 12:15:55,2021-04-19,Pigs Early Weaned,10 to 12 lb,Cash,< 600,450,52.0,52.0,52.0,,04/16/2021,,,171,2021,16
04/19/2021,04/23/2021,04/23/2021 12:15:55,2021-04-19,Pigs Early Weaned,10 to 12 lb,Formula,Total Composite,51587,37.53,58.83,46.73,47.35,04/16/2021,,,171,2021,16
04/19/2021,04/23/2021,04/23/2021 12:15:55,2021-04-19,Pigs Early Weaned,10 to 12 lb,Formula,600 - 1200,5442,40.96,50.33,46.31,51.94,04/16/2021,,,171,2021,16
04/19/2021,04/23/2021,04/23/2021 12:15:55,2021-04-19,Pigs Early Weaned,10 to 12 lb,Formula,> 1200,46145,37.53,58.83,46.79,47.22,04/16/2021,,,171,2021,16
04/19/2021,04/23/2021,04/23/2021 12:15:55,2021-04-19,Pigs,40 lb,Cash,Total Composite,7425,90.0,112.0,99.7,101.31,04/16/2021,,,171,2021,16
04/26/2021,04/30/2021,04/30/2021 12:15:35,2021-04-26,Pigs Early Weaned,10 to 12 lb,Cash,Total Composite,40250,40.0,58.0,50.56,50.94,04/23/2021,,,181,2021,17
04/26/2021,04/30/2021,04/30/2021 12:15:35,2021-04-26,Pigs Early Weaned,10 to 12 lb,Cash,600 - 1200,3200,44.0,50.5,48.56,49.94,04/23/2021,,,181,2021,17
04/26/2021,04/30/2021,04/30/2021 12:15:35,2021-04-26,Pigs Early Weaned,10 to 12 lb,Cash,> 1200,36050,40.0,58.0,50.79,50.98,04/23/2021,,,181,2021,17
04/26/2021,04/30/2021,04/30/2021 12:15:35,2021-04-26,Pigs Early Weaned,10 to 12 lb,Cash,< 600,1000,47.0,50.0,48.5,52.0,04/23/2021,,,181,2021,17
04/26/2021,04/30/2021,04/30/2021 12:15:35,2021-04-26,Pigs,40 lb,Cash,Total Composite,9450,81.0,101.0,93.13,99.7,04/23/2021,,,181,2021,17
04/26/2021,04/30/2021,04/30/2021 12:15:35,2021-04-26,Pigs Early Weaned,10 to 12 lb,Formula,600 - 1200,6265,42.26,51.94,45.97,46.31,04/23/2021,,,181,2021,17
04/26/2021,04/30/2021,04/30/2021 12:15:35,2021-04-26,Pigs,40 lb,Cash,600 - 1200,2050,90.0,99.0,94.39,99.58,04/23/2021,,,181,2021,17
04/26/2021,04/30/2021,04/30/2021 12:15:35,2021-04-26,Pigs Early Weaned,10 to 12 lb,Formula,< 600,550,51.94,51.94,51.94,,04/23/2021,,,181,2021,17
04/26/2021,04/30/2021,04/30/2021 12:15:35,2021-04-26,Pigs Early Weaned,10 to 12 lb,Formula,> 1200,24511,42.06,53.94,46.95,46.79,04/23/2021,,,181,2021,17
04/26/2021,04/30/2021,04/30/2021 12:15:35,2021-04-26,Pigs Early Weaned,10 to 12 lb,Formula,Total Composite,31326,42.06,53.94,46.84,46.73,04/23/2021,,,181,2021,17
04/26/2021,04/30/2021,04/30/2021 12:15:35,2021-04-26,Pigs,40 lb,Cash,> 1200,7400,81.0,101.0,92.78,101.0,04/23/2021,,,181,2021,17
05/03/2021,05/07/2021,05/07/2021 12:30:52,2021-05-03,Pigs Early Weaned,10 to 12 lb,Cash,> 1200,36650,41.0,56.0,50.38,50.79,04/30/2021,,,191,2021,18
05/03/2021,05/07/2021,05/07/2021 12:30:52,2021-05-03,Pigs Early Weaned,10 to 12 lb,Cash,600 - 1200,1350,45.0,50.0,47.41,48.56,04/30/2021,,,191,2021,18
05/03/2021,05/07/2021,05/07/2021 12:30:52,2021-05-03,Pigs Early Weaned,10 to 12 lb,Cash,Total Composite,38000,41.0,56.0,50.28,50.56,04/30/2021,,,191,2021,18
05/03/2021,05/07/2021,05/07/2021 12:30:52,2021-05-03,Pigs,40 lb,Cash,< 600,500,72.0,72.0,72.0,,04/30/2021,,,191,2021,18
05/03/2021,05/07/2021,05/07/2021 12:30:52,2021-05-03,Pigs,40 lb,Cash,> 1200,2500,81.0,81.0,81.0,92.78,04/30/2021,,,191,2021,18
05/03/2021,05/07/2021,05/07/2021 12:30:52,2021-05-03,Pigs,40 lb,Cash,600 - 1200,1840,73.0,95.0,82.93,94.39,04/30/2021,,,191,2021,18
05/03/2021,05/07/2021,05/07/2021 12:30:52,2021-05-03,Pigs,40 lb,Cash,Total Composite,4840,72.0,95.0,80.81,93.13,04/30/2021,,,191,2021,18
05/03/2021,05/07/2021,05/07/2021 12:30:52,2021-05-03,Pigs Early Weaned,10 to 12 lb,Formula,> 1200,21608,38.63,56.29,47.14,46.95,04/30/2021,,,191,2021,18
05/03/2021,05/07/2021,05/07/2021 12:30:52,2021-05-03,Pigs Early Weaned,10 to 12 lb,Formula,Total Composite,26775,38.63,56.29,47.04,46.84,04/30/2021,,,191,2021,18
05/03/2021,05/07/2021,05/07/2021 12:30:52,2021-05-03,Pigs Early Weaned,10 to 12 lb,Formula,600 - 1200,5167,41.71,53.29,46.62,45.97,04/30/2021,,,191,2021,18
05/10/2021,05/14/2021,05/14/2021 13:09:31,2021-05-10,Pigs Early Weaned,10 to 12 lb,Cash,< 600,400,48.0,48.0,48.0,,05/07/2021,,,201,2021,19
05/10/2021,05/14/2021,05/14/2021 13:09:31,2021-05-10,Pigs Early Weaned,10 to 12 lb,Cash,> 1200,46505,39.0,56.0,48.56,50.38,05/07/2021,,,201,2021,19
05/10/2021,05/14/2021,05/14/2021 13:09:31,2021-05-10,Pigs Early Weaned,10 to 12 lb,Cash,Total Composite,46905,39.0,56.0,48.56,50.28,05/07/2021,,,201,2021,19
05/10/2021,05/14/2021,05/14/2021 13:09:31,2021-05-10,Pigs Early Weaned,10 to 12 lb,Formula,600 - 1200,6370,42.24,52.88,44.93,46.62,05/07/2021,,,201,2021,19
05/10/2021,05/14/2021,05/14/2021 13:09:31,2021-05-10,Pigs Early Weaned,10 to 12 lb,Formula,Total Composite,50391,34.32,55.88,42.91,47.04,05/07/2021,,,201,2021,19
05/10/2021,05/14/2021,05/14/2021 13:09:31,2021-05-10,Pigs Early Weaned,10 to 12 lb,Formula,> 1200,44021,34.32,55.88,42.62,47.14,05/07/2021,,,201,2021,19
05/10/2021,05/14/2021,05/14/2021 13:09:31,2021-05-10,Pigs,40 lb,Cash,Total Composite,6560,83.0,98.0,87.85,80.81,05/07/2021,,,201,2021,19
05/10/2021,05/14/2021,05/14/2021 13:09:31,2021-05-10,Pigs,40 lb,Cash,> 1200,3600,84.0,84.0,84.0,81.0,05/07/2021,,,201,2021,19
05/10/2021,05/14/2021,05/14/2021 13:09:31,2021-05-10,Pigs,40 lb,Cash,600 - 1200,2960,83.0,98.0,92.53,82.93,05/07/2021,,,201,2021,19
05/17/2021,05/21/2021,05/21/2021 12:08:46,2021-05-17,Pigs Early Weaned,10 to 12 lb,Formula,Total Composite,56587,36.38,54.06,44.65,42.91,05/14/2021,,,211,2021,20
05/17/2021,05/21/2021,05/21/2021 12:08:46,2021-05-17,Pigs,40 lb,Cash,< 600,1800,69.0,88.0,76.39,,05/14/2021,,,211,2021,20
05/17/2021,05/21/2021,05/21/2021 12:08:46,2021-05-17,Pigs Early Weaned,10 to 12 lb,Cash,< 600,780,45.0,54.0,48.81,48.0,05/14/2021,,,211,2021,20
05/17/2021,05/21/2021,05/21/2021 12:08:46,2021-05-17,Pigs Early Weaned,10 to 12 lb,Cash,> 1200,44940,35.0,60.0,48.03,48.56,05/14/2021,,,211,2021,20
05/17/2021,05/21/2021,05/21/2021 12:08:46,2021-05-17,Pigs Early Weaned,10 to 12 lb,Cash,600 - 1200,1550,41.0,48.0,45.06,,05/14/2021,,,211,2021,20
05/17/2021,05/21/2021,05/21/2021 12:08:46,2021-05-17,Pigs Early Weaned,10 to 12 lb,Cash,Total Composite,47270,35.0,60.0,47.94,48.56,05/14/2021,,,211,2021,20
05/17/2021,05/21/2021,05/21/2021 12:08:46,2021-05-17,Pigs Early Weaned,10 to 12 lb,Formula,> 1200,55087,36.38,54.06,44.66,42.62,05/14/2021,,,211,2021,20
05/17/2021,05/21/2021,05/21/2021 12:08:46,2021-05-17,Pigs Early Weaned,10 to 12 lb,Formula,600 - 1200,1500,42.06,45.56,44.16,44.93,05/14/2021,,,211,2021,20
05/17/2021,05/21/2021,05/21/2021 12:08:46,2021-05-17,Pigs,40 lb,Cash,> 1200,2500,77.0,84.0,80.36,84.0,05/14/2021,,,211,2021,20
05/17/2021,05/21/2021,05/21/2021 12:08:46,2021-05-17,Pigs,40 lb,Cash,Total Composite,5400,69.0,88.0,79.78,87.85,05/14/2021,,,211,2021,20
05/17/2021,05/21/2021,05/21/2021 12:08:46,2021-05-17,Pigs,40 lb,Cash,600 - 1200,1100,84.0,84.0,84.0,92.53,05/14/2021,,,211,2021,20
05/24/2021,05/28/2021,05/28/2021 12:12:34,2021-05-24,Pigs,40 lb,Cash,600 - 1200,2600,75.0,84.0,81.23,84.0,05/21/2021,,,221,2021,21
05/24/2021,05/28/2021,05/28/2021 12:12:34,2021-05-24,Pigs,40 lb,Cash,Total Composite,5725,70.0,84.0,80.13,79.78,05/21/2021,,,221,2021,21
05/24/2021,05/28/2021,05/28/2021 12:12:34,2021-05-24,Pigs Early Weaned,10 to 12 lb,Cash,Total Composite,34000,35.0,54.0,48.56,47.94,05/21/2021,,,221,2021,21
05/24/2021,05/28/2021,05/28/2021 12:12:34,2021-05-24,Pigs Early Weaned,10 to 12 lb,Cash,600 - 1200,1000,38.0,38.0,38.0,45.06,05/21/2021,,,221,2021,21
05/24/2021,05/28/2021,05/28/2021 12:12:34,2021-05-24,Pigs,40 lb,Cash,> 1200,2700,79.0,82.0,80.67,80.36,05/21/2021,,,221,2021,21
05/24/2021,05/28/2021,05/28/2021 12:12:34,2021-05-24,Pigs,40 lb,Cash,< 600,425,70.0,70.0,70.0,76.39,05/21/2021,,,221,2021,21
05/24/2021,05/28/2021,05/28/2021 12:12:34,2021-05-24,Pigs Early Weaned,10 to 12 lb,Cash,< 600,800,40.0,42.0,41.25,48.81,05/21/2021,,,221,2021,21
05/24/2021,05/28/2021,05/28/2021 12:12:34,2021-05-24,Pigs Early Weaned,10 to 12 lb,Cash,> 1200,32200,35.0,54.0,49.07,48.03,05/21/2021,,,221,2021,21
05/24/2021,05/28/2021,05/28/2021 12:12:34,2021-05-24,Pigs Early Weaned,10 to 12 lb,Formula,> 1200,50562,35.85,50.94,42.73,44.66,05/21/2021,,,221,2021,21
05/24/2021,05/28/2021,05/28/2021 12:12:34,2021-05-24,Pigs Early Weaned,10 to 12 lb,Formula,600 - 1200,3176,38.47,44.74,40.99,44.16,05/21/2021,,,221,2021,21
05/24/2021,05/28/2021,05/28/2021 12:12:34,2021-05-24,Pigs Early Weaned,10 to 12 lb,Formula,Total Composite,53738,35.85,50.94,42.63,44.65,05/21/2021,,,221,2021,21
05/31/2021,06/04/2021,06/04/2021 12:03:25,2021-05-31,Pigs Early Weaned,10 to 12 lb,Formula,> 1200,38068,37.7,54.07,44.26,42.73,05/28/2021,,,231,2021,22
05/31/2021,06/04/2021,06/04/2021 12:03:25,2021-05-31,Pigs Early Weaned,10 to 12 lb,Formula,600 - 1200,1455,41.85,45.56,44.02,40.99,05/28/2021,,,231,2021,22
05/31/2021,06/04/2021,06/04/2021 12:03:25,2021-05-31,Pigs Early Weaned,10 to 12 lb,Formula,Total Composite,39523,37.7,54.07,44.25,42.63,05/28/2021,,,231,2021,22
05/31/2021,06/04/2021,06/04/2021 12:03:25,2021-05-31,Pigs,40 lb,Cash,Total Composite,5985,68.0,77.0,72.39,80.13,05/28/2021,,,231,2021,22
05/31/2021,06/04/2021,06/04/2021 12:03:25,2021-05-31,Pigs,40 lb,Cash,600 - 1200,3700,68.0,74.0,72.36,81.23,05/28/2021,,,231,2021,22
05/31/2021,06/04/2021,06/04/2021 12:03:25,2021-05-31,Pigs Early Weaned,10 to 12 lb,Cash,< 600,550,50.0,50.0,50.0,41.25,05/28/2021,,,231,2021,22
05/31/2021,06/04/2021,06/04/2021 12:03:25,2021-05-31,Pigs Early Weaned,10 to 12 lb,Cash,> 1200,34100,32.0,54.0,46.35,49.07,05/28/2021,,,231,2021,22
05/31/2021,06/04/2021,06/04/2021 12:03:25,2021-05-31,Pigs Early Weaned,10 to 12 lb,Cash,Total Composite,39350,32.0,54.0,46.12,48.56,05/28/2021,,,231,2021,22
05/31/2021,06/04/2021,06/04/2021 12:03:25,2021-05-31,Pigs Early Weaned,10 to 12 lb,Cash,600 - 1200,4700,37.0,53.0,44.02,38.0,05/28/2021,,,231,2021,22
05/31/2021,06/04/2021,06/04/2021 12:03:25,2021-05-31,Pigs,40 lb,Cash,< 600,2285,68.0,77.0,72.44,70.0,05/28/2021,,,231,2021,22
06/07/2021,06/11/2021,06/11/2021 12:11:59,2021-06-07,Pigs Early Weaned,10 to 12 lb,Cash,Total Composite,31489,36.0,52.0,44.16,46.12,06/04/2021,,,241,2021,23
06/07/2021,06/11/2021,06/11/2021 12:11:59,2021-06-07,Pigs Early Weaned,10 to 12 lb,Cash,600 - 1200,4384,38.0,52.0,47.74,44.02,06/04/2021,,,241,2021,23
06/07/2021,06/11/2021,06/11/2021 12:11:59,2021-06-07,Pigs Early Weaned,10 to 12 lb,Cash,> 1200,27105,36.0,52.0,43.58,46.35,06/04/2021,,,241,2021,23
06/07/2021,06/11/2021,06/11/2021 12:11:59,2021-06-07,Pigs Early Weaned,10 to 12 lb,Formula,Total Composite,66987,39.47,51.35,44.41,44.25,06/04/2021,,,241,2021,23
06/07/2021,06/11/2021,06/11/2021 12:11:59,2021-06-07,Pigs,40 lb,Cash,Total Composite,8230,63.0,74.0,70.64,72.39,06/04/2021,,,241,2021,23
06/07/2021,06/11/2021,06/11/2021 12:11:59,2021-06-07,Pigs,40 lb,Cash,600 - 1200,4300,63.0,73.0,70.12,72.36,06/04/2021,,,241,2021,23
06/07/2021,06/11/2021,06/11/2021 12:11:59,2021-06-07,Pigs,40 lb,Cash,> 1200,2450,71.0,74.0,72.53,,06/04/2021,,,241,2021,23
06/07/2021,06/11/2021,06/11/2021 12:11:59,2021-06-07,Pigs,40 lb,Cash,< 600,1480,63.0,74.0,69.05,72.44,06/04/2021,,,241,2021,23
06/07/2021,06/11/2021,06/11/2021 12:11:59,2021-06-07,Pigs Early Weaned,10 to 12 lb,Formula,> 1200,65937,39.47,51.35,44.45,44.26,06/04/2021,,,241,2021,23
06/07/2021,06/11/2021,06/11/2021 12:11:59,2021-06-07,Pigs Early Weaned,10 to 12 lb,Formula,600 - 1200,600,42.63,42.63,42.63,44.02,06/04/2021,,,241,2021,23
06/07/2021,06/11/2021,06/11/2021 12:11:59,2021-06-07,Pigs Early Weaned,10 to 12 lb,Formula,< 600,450,41.12,41.12,41.12,,06/04/2021,,,241,2021,23
06/14/2021,06/18/2021,06/18/2021 12:22:54,2021-06-14,Pigs,40 lb,Cash,Total Composite,9800,69.75,75.0,72.36,70.64,06/11/2021,,,251,2021,24
06/14/2021,06/18/2021,06/18/2021 12:22:54,2021-06-14,Pigs,40 lb,Cash,600 - 1200,1500,70.0,74.0,72.4,70.12,06/11/2021,,,251,2021,24
06/14/2021,06/18/2021,06/18/2021 12:22:54,2021-06-14,Pigs,40 lb,Cash,> 1200,8300,69.75,75.0,72.36,72.53,06/11/2021,,,251,2021,24
06/14/2021,06/18/2021,06/18/2021 12:22:54,2021-06-14,Pigs Early Weaned,10 to 12 lb,Cash,> 1200,32605,30.0,53.0,46.61,43.58,06/11/2021,,,251,2021,24
06/14/2021,06/18/2021,06/18/2021 12:22:54,2021-06-14,Pigs Early Weaned,10 to 12 lb,Formula,> 1200,44836,37.01,48.58,43.49,44.45,06/11/2021,,,251,2021,24
06/14/2021,06/18/2021,06/18/2021 12:22:54,2021-06-14,Pigs Early Weaned,10 to 12 lb,Formula,Total Composite,45736,37.01,48.58,43.41,44.41,06/11/2021,,,251,2021,24
06/14/2021,06/18/2021,06/18/2021 12:22:54,2021-06-14,Pigs Early Weaned,10 to 12 lb,Cash,< 600,960,38.0,43.0,40.6,,06/11/2021,,,251,2021,24
06/14/2021,06/18/2021,06/18/2021 12:22:54,2021-06-14,Pigs Early Weaned,10 to 12 lb,Formula,600 - 1200,900,39.16,39.16,39.16,42.63,06/11/2021,,,251,2021,24
06/14/2021,06/18/2021,06/18/2021 12:22:54,2021-06-14,Pigs Early Weaned,10 to 12 lb,Cash,600 - 1200,4295,42.5,49.0,44.77,47.74,06/11/2021,,,251,2021,24
06/14/2021,06/18/2021,06/18/2021 12:22:54,2021-06-14,Pigs Early Weaned,10 to 12 lb,Cash,Total Composite,37860,30.0,53.0,46.25,44.16,06/11/2021,,,251,2021,24
06/21/2021,06/25/2021,06/25/2021 12:24:25,2021-06-21,Pigs,40 lb,Cash,< 600,1550,54.0,64.0,57.58,,06/18/2021,,,261,2021,25
06/21/2021,06/25/2021,06/25/2021 12:24:25,2021-06-21,Pigs,40 lb,Cash,> 1200,2400,72.0,72.0,72.0,72.36,06/18/2021,,,261,2021,25
06/21/2021,06/25/2021,06/25/2021 12:24:25,2021-06-21,Pigs,40 lb,Cash,600 - 1200,2500,66.0,71.0,68.96,72.4,06/18/2021,,,261,2021,25
06/21/2021,06/25/2021,06/25/2021 12:24:25,2021-06-21,Pigs,40 lb,Cash,Total Composite,6450,54.0,72.0,67.36,72.36,06/18/2021,,,261,2021,25
06/21/2021,06/25/2021,06/25/2021 12:24:25,2021-06-21,Pigs Early Weaned,10 to 12 lb,Cash,Total Composite,44108,28.0,52.0,44.49,46.25,06/18/2021,,,261,2021,25
06/21/2021,06/25/2021,06/25/2021 12:24:25,2021-06-21,Pigs Early Weaned,10 to 12 lb,Cash,600 - 1200,4508,34.0,47.0,44.2,44.77,06/18/2021,,,261,2021,25
06/21/2021,06/25/2021,06/25/2021 12:24:25,2021-06-21,Pigs Early Weaned,10 to 12 lb,Cash,> 1200,39600,28.0,52.0,44.52,46.61,06/18/2021,,,261,2021,25
06/21/2021,06/25/2021,06/25/2021 12:24:25,2021-06-21,Pigs Early Weaned,10 to 12 lb,Formula,< 600,925,47.25,47.25,47.25,,06/18/2021,,,261,2021,25
06/21/2021,06/25/2021,06/25/2021 12:24:25,2021-06-21,Pigs Early Weaned,10 to 12 lb,Formula,> 1200,64697,35.26,51.63,45.24,43.49,06/18/2021,,,261,2021,25
06/21/2021,06/25/2021,06/25/2021 12:24:25,2021-06-21,Pigs Early Weaned,10 to 12 lb,Formula,600 - 1200,925,47.25,47.25,47.25,39.16,06/18/2021,,,261,2021,25
06/21/2021,06/25/2021,06/25/2021 12:24:25,2021-06-21,Pigs Early Weaned,10 to 12 lb,Formula,Total Composite,66547,35.26,51.63,45.3,43.41,06/18/2021,,,261,2021,25
06/28/2021,07/02/2021,07/02/2021 12:20:25,2021-06-28,Pigs Early Weaned,10 to 12 lb,Formula,Total Composite,45556,37.14,47.69,43.98,45.3,06/25/2021,,,271,2021,26
06/28/2021,07/02/2021,07/02/2021 12:20:25,2021-06-28,Pigs Early Weaned,10 to 12 lb,Formula,600 - 1200,2400,39.04,47.02,43.53,47.25,06/25/2021,,,271,2021,26
06/28/2021,07/02/2021,07/02/2021 12:20:25,2021-06-28,Pigs Early Weaned,10 to 12 lb,Formula,> 1200,43156,37.14,47.69,44.01,45.24,06/25/2021,,,271,2021,26
06/28/2021,07/02/2021,07/02/2021 12:20:25,2021-06-28,Pigs,40 lb,Cash,600 - 1200,2700,63.0,72.0,69.56,68.96,06/25/2021,,,271,2021,26
06/28/2021,07/02/2021,07/02/2021 12:20:25,2021-06-28,Pigs,40 lb,Cash,< 600,1835,52.0,60.0,55.67,57.58,06/25/2021,,,271,2021,26
06/28/2021,07/02/2021,07/02/2021 12:20:25,2021-06-28,Pigs,40 lb,Cash,> 1200,5600,57.0,71.0,62.86,72.0,06/25/2021,,,271,2021,26
06/28/2021,07/02/2021,07/02/2021 12:20:25,2021-06-28,Pigs,40 lb,Cash,Total Composite,10135,52.0,72.0,63.34,67.36,06/25/2021,,,271,2021,26
06/28/2021,07/02/2021,07/02/2021 12:20:25,2021-06-28,Pigs Early Weaned,10 to 12 lb,Cash,Total Composite,37570,34.0,48.0,40.76,44.49,06/25/2021,,,271,2021,26
06/28/2021,07/02/2021,07/02/2021 12:20:25,2021-06-28,Pigs Early Weaned,10 to 12 lb,Cash,600 - 1200,2270,40.0,43.25,41.6,44.2,06/25/2021,,,271,2021,26
06/28/2021,07/02/2021,07/02/2021 12:20:25,2021-06-28,Pigs Early Weaned,10 to 12 lb,Cash,> 1200,34800,34.0,48.0,40.79,44.52,06/25/2021,,,271,2021,26
06/28/2021,07/02/2021,07/02/2021 12:20:25,2021-06-28,Pigs Early Weaned,10 to 12 lb,Cash,< 600,500,35.0,35.0,35.0,,06/25/2021,,,271,2021,26
07/05/2021,07/09/2021,07/09/2021 12:30:16,2021-07-05,Pigs Early Weaned,10 to 12 lb,Cash,< 600,300,38.0,38.0,38.0,35.0,07/02/2021,,,281,2021,27
07/05/2021,07/09/2021,07/09/2021 12:30:16,2021-07-05,Pigs Early Weaned,10 to 12 lb,Formula,600 - 1200,1700,37.76,40.76,39.7,43.53,07/02/2021,,,281,2021,27
07/05/2021,07/09/2021,07/09/2021 12:30:16,2021-07-05,Pigs Early Weaned,10 to 12 lb,Formula,Total Composite,56736,31.3,47.72,40.79,43.98,07/02/2021,,,281,2021,27
07/05/2021,07/09/2021,07/09/2021 12:30:16,2021-07-05,Pigs Early Weaned,10 to 12 lb,Cash,Total Composite,55737,32.0,49.0,40.8,40.76,07/02/2021,,,281,2021,27
07/05/2021,07/09/2021,07/09/2021 12:30:16,2021-07-05,Pigs Early Weaned,10 to 12 lb,Cash,600 - 1200,6963,33.0,45.0,40.36,41.6,07/02/2021,,,281,2021,27
07/05/2021,07/09/2021,07/09/2021 12:30:16,2021-07-05,Pigs,40 lb,Cash,Total Composite,2500,59.0,65.0,60.9,63.34,07/02/2021,,,281,2021,27
07/05/2021,07/09/2021,07/09/2021 12:30:16,2021-07-05,Pigs Early Weaned,10 to 12 lb,Formula,> 1200,55036,31.3,47.72,40.82,44.01,07/02/2021,,,281,2021,27
07/05/2021,07/09/2021,07/09/2021 12:30:16,2021-07-05,Pigs Early Weaned,10 to 12 lb,Cash,> 1200,48474,32.0,49.0,40.88,40.79,07/02/2021,,,281,2021,27
07/05/2021,07/09/2021,07/09/2021 12:30:16,2021-07-05,Pigs,40 lb,Cash,600 - 1200,700,65.0,65.0,65.0,69.56,07/02/2021,,,281,2021,27
07/05/2021,07/09/2021,07/09/2021 12:30:16,2021-07-05,Pigs,40 lb,Cash,> 1200,1250,59.0,59.0,59.0,62.86,07/02/2021,,,281,2021,27
07/05/2021,07/09/2021,07/09/2021 12:30:16,2021-07-05,Pigs,40 lb,Cash,< 600,550,60.0,60.0,60.0,55.67,07/02/2021,,,281,2021,27
07/12/2021,07/16/2021,07/16/2021 12:35:37,2021-07-12,Pigs,40 lb,Cash,Total Composite,2750,63.0,63.0,63.0,60.9,07/09/2021,,,291,2021,28
07/12/2021,07/16/2021,07/16/2021 12:35:37,2021-07-12,Pigs,40 lb,Cash,> 1200,2750,63.0,63.0,63.0,59.0,07/09/2021,,,291,2021,28
07/12/2021,07/16/2021,07/16/2021 12:35:37,2021-07-12,Pigs Early Weaned,10 to 12 lb,Cash,< 600,900,37.0,43.0,39.67,38.0,07/09/2021,,,291,2021,28
07/12/2021,07/16/2021,07/16/2021 12:35:37,2021-07-12,Pigs Early Weaned,10 to 12 lb,Formula,Total Composite,59534,29.3,49.2,42.03,40.79,07/09/2021,,,291,2021,28
07/12/2021,07/16/2021,07/16/2021 12:35:37,2021-07-12,Pigs Early Weaned,10 to 12 lb,Formula,> 1200,59534,29.3,49.2,42.03,40.82,07/09/2021,,,291,2021,28
07/12/2021,07/16/2021,07/16/2021 12:35:37,2021-07-12,Pigs Early Weaned,10 to 12 lb,Cash,> 1200,33100,34.0,48.0,39.31,40.88,07/09/2021,,,291,2021,28
07/12/2021,07/16/2021,07/16/2021 12:35:37,2021-07-12,Pigs Early Weaned,10 to 12 lb,Cash,600 - 1200,2725,32.0,43.0,34.89,40.36,07/09/2021,,,291,2021,28
07/12/2021,07/16/2021,07/16/2021 12:35:37,2021-07-12,Pigs Early Weaned,10 to 12 lb,Cash,Total Composite,36725,32.0,48.0,38.99,40.8,07/09/2021,,,291,2021,28
07/19/2021,07/23/2021,07/23/2021 12:16:00,2021-07-19,Pigs Early Weaned,10 to 12 lb,Cash,< 600,300,38.0,38.0,38.0,39.67,07/16/2021,,,301,2021,29
07/19/2021,07/23/2021,07/23/2021 12:16:00,2021-07-19,Pigs Early Weaned,10 to 12 lb,Cash,600 - 1200,5325,32.0,45.0,39.35,34.89,07/16/2021,,,301,2021,29
07/19/2021,07/23/2021,07/23/2021 12:16:00,2021-07-19,Pigs Early Weaned,10 to 12 lb,Cash,Total Composite,63675,32.0,50.0,40.55,38.99,07/16/2021,,,301,2021,29
07/19/2021,07/23/2021,07/23/2021 12:16:00,2021-07-19,Pigs Early Weaned,10 to 12 lb,Formula,600 - 1200,1684,41.22,47.45,45.23,,07/16/2021,,,301,2021,29
07/19/2021,07/23/2021,07/23/2021 12:16:00,2021-07-19,Pigs Early Weaned,10 to 12 lb,Formula,> 1200,31355,36.66,47.28,42.16,42.03,07/16/2021,,,301,2021,29
07/19/2021,07/23/2021,07/23/2021 12:16:00,2021-07-19,Pigs Early Weaned,10 to 12 lb,Formula,Total Composite,33639,36.66,47.45,42.29,42.03,07/16/2021,,,301,2021,29
07/19/2021,07/23/2021,07/23/2021 12:16:00,2021-07-19,Pigs,40 lb,Cash,< 600,480,56.0,56.0,56.0,,07/16/2021,,,301,2021,29
07/19/2021,07/23/2021,07/23/2021 12:16:00,2021-07-19,Pigs,40 lb,Cash,> 1200,11925,60.0,68.0,63.74,63.0,07/16/2021,,,301,2021,29
07/19/2021,07/23/2021,07/23/2021 12:16:00,2021-07-19,Pigs,40 lb,Cash,600 - 1200,1500,57.0,62.0,60.0,,07/16/2021,,,301,2021,29
07/19/2021,07/23/2021,07/23/2021 12:16:00,2021-07-19,Pigs,40 lb,Cash,Total Composite,13905,56.0,68.0,63.07,63.0,07/16/2021,,,301,2021,29
07/19/2021,07/23/2021,07/23/2021 12:16:00,2021-07-19,Pigs Early Weaned,10 to 12 lb,Formula,< 600,600,39.99,42.32,40.86,,07/16/2021,,,301,2021,29
07/19/2021,07/23/2021,07/23/2021 12:16:00,2021-07-19,Pigs Early Weaned,10 to 12 lb,Cash,> 1200,58050,33.0,50.0,40.68,39.31,07/16/2021,,,301,2021,29
07/26/2021,07/30/2021,07/30/2021 12:56:18,2021-07-26,Pigs Early Weaned,10 to 12 lb,Cash,600 - 1200,5880,32.0,45.0,39.12,39.35,07/23/2021,,,311,2021,30
07/26/2021,07/30/2021,07/30/2021 12:56:18,2021-07-26,Pigs,40 lb,Cash,< 600,330,54.0,54.0,54.0,56.0,07/23/2021,,,311,2021,30
07/26/2021,07/30/2021,07/30/2021 12:56:18,2021-07-26,Pigs Early Weaned,10 to 12 lb,Cash,> 1200,33596,36.0,50.0,43.35,40.68,07/23/2021,,,311,2021,30
07/26/2021,07/30/2021,07/30/2021 12:56:18,2021-07-26,Pigs,40 lb,Cash,> 1200,8500,56.0,65.0,62.81,63.74,07/23/2021,,,311,2021,30
07/26/2021,07/30/2021,07/30/2021 12:56:18,2021-07-26,Pigs,40 lb,Cash,Total Composite,10530,54.0,65.0,61.9,63.07,07/23/2021,,,311,2021,30
07/26/2021,07/30/2021,07/30/2021 12:56:18,2021-07-26,Pigs Early Weaned,10 to 12 lb,Formula,Total Composite,47475,36.87,49.0,44.02,42.29,07/23/2021,,,311,2021,30
07/26/2021,07/30/2021,07/30/2021 12:56:18,2021-07-26,Pigs Early Weaned,10 to 12 lb,Formula,600 - 1200,1475,41.55,43.42,42.31,45.23,07/23/2021,,,311,2021,30
07/26/2021,07/30/2021,07/30/2021 12:56:18,2021-07-26,Pigs Early Weaned,10 to 12 lb,Formula,> 1200,46000,36.87,49.0,44.07,42.16,07/23/2021,,,311,2021,30
07/26/2021,07/30/2021,07/30/2021 12:56:18,2021-07-26,Pigs,40 lb,Cash,600 - 1200,1700,54.0,61.5,58.85,60.0,07/23/2021,,,311,2021,30
07/26/2021,07/30/2021,07/30/2021 12:56:18,2021-07-26,Pigs Early Weaned,10 to 12 lb,Cash,Total Composite,39476,32.0,50.0,42.72,40.55,07/23/2021,,,311,2021,30
08/02/2021,08/06/2021,08/06/2021 12:38:26,2021-08-02,Pigs Early Weaned,10 to 12 lb,Cash,Total Composite,38240,32.0,49.0,42.5,42.72,07/30/2021,,,321,2021,31
08/02/2021,08/06/2021,08/06/2021 12:38:26,2021-08-02,Pigs,40 lb,Cash,Total Composite,16450,52.0,68.0,63.9,61.9,07/30/2021,,,321,2021,31
08/02/2021,08/06/2021,08/06/2021 12:38:26,2021-08-02,Pigs,40 lb,Cash,600 - 1200,650,58.0,58.0,58.0,58.85,07/30/2021,,,321,2021,31
08/02/2021,08/06/2021,08/06/2021 12:38:26,2021-08-02,Pigs,40 lb,Cash,> 1200,13900,63.0,68.0,64.63,62.81,07/30/2021,,,321,2021,31
08/02/2021,08/06/2021,08/06/2021 12:38:26,2021-08-02,Pigs Early Weaned,10 to 12 lb,Formula,Total Composite,58888,36.64,48.99,45.32,44.02,07/30/2021,,,321,2021,31
08/02/2021,08/06/2021,08/06/2021 12:38:26,2021-08-02,Pigs Early Weaned,10 to 12 lb,Formula,600 - 1200,1000,48.99,48.99,48.99,42.31,07/30/2021,,,321,2021,31
08/02/2021,08/06/2021,08/06/2021 12:38:26,2021-08-02,Pigs,40 lb,Cash,< 600,1900,52.0,65.0,60.63,54.0,07/30/2021,,,321,2021,31
08/02/2021,08/06/2021,08/06/2021 12:38:26,2021-08-02,Pigs Early Weaned,10 to 12 lb,Cash,> 1200,33950,34.0,49.0,43.0,43.35,07/30/2021,,,321,2021,31
08/02/2021,08/06/2021,08/06/2021 12:38:26,2021-08-02,Pigs Early Weaned,10 to 12 lb,Cash,600 - 1200,4290,32.0,45.0,38.6,39.12,07/30/2021,,,321,2021,31
08/02/2021,08/06/2021,08/06/2021 12:38:26,2021-08-02,Pigs Early Weaned,10 to 12 lb,Formula,> 1200,57888,36.64,48.98,45.26,44.07,07/30/2021,,,321,2021,31
08/09/2021,08/13/2021,08/13/2021 12:07:58,2021-08-09,Pigs Early Weaned,10 to 12 lb,Formula,Total Composite,37794,38.35,47.67,44.78,45.32,08/06/2021,,,331,2021,32
08/09/2021,08/13/2021,08/13/2021 12:07:58,2021-08-09,Pigs,40 lb,Cash,600 - 1200,1200,57.0,59.0,58.0,58.0,08/06/2021,,,331,2021,32
08/09/2021,08/13/2021,08/13/2021 12:07:58,2021-08-09,Pigs,40 lb,Cash,Total Composite,2335,52.0,61.0,57.2,63.9,08/06/2021,,,331,2021,32
08/09/2021,08/13/2021,08/13/2021 12:07:58,2021-08-09,Pigs Early Weaned,10 to 12 lb,Cash,600 - 1200,3200,41.0,45.0,43.3,38.6,08/06/2021,,,331,2021,32
08/09/2021,08/13/2021,08/13/2021 12:07:58,2021-08-09,Pigs Early Weaned,10 to 12 lb,Cash,> 1200,37299,35.5,50.0,42.76,43.0,08/06/2021,,,331,2021,32
08/09/2021,08/13/2021,08/13/2021 12:07:58,2021-08-09,Pigs,40 lb,Cash,< 600,1135,52.0,61.0,56.36,60.63,08/06/2021,,,331,2021,32
08/09/2021,08/13/2021,08/13/2021 12:07:58,2021-08-09,Pigs Early Weaned,10 to 12 lb,Formula,> 1200,36194,38.35,47.67,44.88,45.26,08/06/2021,,,331,2021,32
08/09/2021,08/13/2021,08/13/2021 12:07:58,2021-08-09,Pigs Early Weaned,10 to 12 lb,Formula,600 - 1200,1600,42.5,42.52,42.51,48.99,08/06/2021,,,331,2021,32
08/09/2021,08/13/2021,08/13/2021 12:07:58,2021-08-09,Pigs Early Weaned,10 to 12 lb,Cash,Total Composite,40499,35.5,50.0,42.8,42.5,08/06/2021,,,331,2021,32
08/16/2021,08/20/2021,08/20/2021 12:29:08,2021-08-16,Pigs,40 lb,Cash,Total Composite,6220,57.0,67.0,64.54,57.2,08/13/2021,,,341,2021,33
08/16/2021,08/20/2021,08/20/2021 12:29:08,2021-08-16,Pigs,40 lb,Cash,600 - 1200,600,57.0,57.0,57.0,58.0,08/13/2021,,,341,2021,33
08/16/2021,08/20/2021,08/20/2021 12:29:08,2021-08-16,Pigs Early Weaned,10 to 12 lb,Formula,< 600,700,43.8,43.8,43.8,,08/13/2021,,,341,2021,33
08/16/2021,08/20/2021,08/20/2021 12:29:08,2021-08-16,Pigs Early Weaned,10 to 12 lb,Formula,Total Composite,50570,38.98,48.0,44.86,44.78,08/13/2021,,,341,2021,33
08/16/2021,08/20/2021,08/20/2021 12:29:08,2021-08-16,Pigs Early Weaned,10 to 12 lb,Formula,600 - 1200,2400,39.27,43.8,42.25,42.51,08/13/2021,,,341,2021,33
08/16/2021,08/20/2021,08/20/2021 12:29:08,2021-08-16,Pigs Early Weaned,10 to 12 lb,Formula,> 1200,47470,38.98,48.0,45.01,44.88,08/13/2021,,,341,2021,33
08/16/2021,08/20/2021,08/20/2021 12:29:08,2021-08-16,Pigs Early Weaned,10 to 12 lb,Cash,> 1200,23450,39.0,46.0,43.06,42.76,08/13/2021,,,341,2021,33
08/16/2021,08/20/2021,08/20/2021 12:29:08,2021-08-16,Pigs,40 lb,Cash,< 600,1120,62.0,66.0,64.59,56.36,08/13/2021,,,341,2021,33
08/16/2021,08/20/2021,08/20/2021 12:29:08,2021-08-16,Pigs Early Weaned,10 to 12 lb,Cash,600 - 1200,2209,32.0,45.0,38.53,43.3,08/13/2021,,,341,2021,33
08/16/2021,08/20/2021,08/20/2021 12:29:08,2021-08-16,Pigs Early Weaned,10 to 12 lb,Cash,Total Composite,25659,32.0,46.0,42.67,42.8,08/13/2021,,,341,2021,33
08/16/2021,08/20/2021,08/20/2021 12:29:08,2021-08-16,Pigs,40 lb,Cash,> 1200,4500,64.0,67.0,65.53,,08/13/2021,,,341,2021,33
08/23/2021,08/27/2021,08/27/2021 12:28:00,2021-08-23,Pigs,40 lb,Cash,< 600,550,58.0,58.0,58.0,64.59,08/20/2021,,,351,2021,34
08/23/2021,08/27/2021,08/27/2021 12:28:00,2021-08-23,Pigs Early Weaned,10 to 12 lb,Cash,600 - 1200,5410,42.0,46.0,43.77,38.53,08/20/2021,,,351,2021,34
08/23/2021,08/27/2021,08/27/2021 12:28:00,2021-08-23,Pigs Early Weaned,10 to 12 lb,Cash,> 1200,46708,37.0,55.0,45.56,43.06,08/20/2021,,,351,2021,34
08/23/2021,08/27/2021,08/27/2021 12:28:00,2021-08-23,Pigs,40 lb,Cash,> 1200,2500,67.0,69.0,67.96,65.53,08/20/2021,,,351,2021,34
08/23/2021,08/27/2021,08/27/2021 12:28:00,2021-08-23,Pigs Early Weaned,10 to 12 lb,Formula,> 1200,59572,36.92,50.22,44.76,45.01,08/20/2021,,,351,2021,34
08/23/2021,08/27/2021,08/27/2021 12:28:00,2021-08-23,Pigs Early Weaned,10 to 12 lb,Formula,600 - 1200,1600,42.67,43.02,42.8,42.25,08/20/2021,,,351,2021,34
08/23/2021,08/27/2021,08/27/2021 12:28:00,2021-08-23,Pigs Early Weaned,10 to 12 lb,Formula,Total Composite,61172,36.92,50.22,44.7,44.86,08/20/2021,,,351,2021,34
08/23/2021,08/27/2021,08/27/2021 12:28:00,2021-08-23,Pigs,40 lb,Cash,600 - 1200,2700,52.0,57.0,55.02,57.0,08/20/2021,,,351,2021,34
08/23/2021,08/27/2021,08/27/2021 12:28:00,2021-08-23,Pigs Early Weaned,10 to 12 lb,Cash,< 600,400,42.0,42.0,42.0,,08/20/2021,,,351,2021,34
08/23/2021,08/27/2021,08/27/2021 12:28:00,2021-08-23,Pigs Early Weaned,10 to 12 lb,Cash,Total Composite,52518,37.0,55.0,45.35,42.67,08/20/2021,,,351,2021,34
08/23/2021,08/27/2021,08/27/2021 12:28:00,2021-08-23,Pigs,40 lb,Cash,Total Composite,5750,52.0,69.0,60.93,64.54,08/20/2021,,,351,2021,34
08/30/2021,09/03/2021,09/03/2021 12:31:40,2021-08-30,Pigs Early Weaned,10 to 12 lb,Cash,< 600,400,45.0,45.0,45.0,42.0,08/27/2021,,,361,2021,35
08/30/2021,09/03/2021,09/03/2021 12:31:40,2021-08-30,Pigs Early Weaned,10 to 12 lb,Cash,> 1200,45067,41.5,55.0,49.37,45.56,08/27/2021,,,361,2021,35
08/30/2021,09/03/2021,09/03/2021 12:31:40,2021-08-30,Pigs,40 lb,Cash,Total Composite,9500,55.0,74.0,67.56,60.93,08/27/2021,,,361,2021,35
08/30/2021,09/03/2021,09/03/2021 12:31:40,2021-08-30,Pigs Early Weaned,10 to 12 lb,Formula,Total Composite,75319,38.31,50.56,44.22,44.7,08/27/2021,,,361,2021,35
08/30/2021,09/03/2021,09/03/2021 12:31:40,2021-08-30,Pigs Early Weaned,10 to 12 lb,Formula,600 - 1200,1600,41.82,45.35,44.03,42.8,08/27/2021,,,361,2021,35
08/30/2021,09/03/2021,09/03/2021 12:31:40,2021-08-30,Pigs Early Weaned,10 to 12 lb,Formula,> 1200,73719,38.31,50.56,44.23,44.76,08/27/2021,,,361,2021,35
08/30/2021,09/03/2021,09/03/2021 12:31:40,2021-08-30,Pigs,40 lb,Cash,> 1200,7400,62.0,74.0,69.91,67.96,08/27/2021,,,361,2021,35
08/30/2021,09/03/2021,09/03/2021 12:31:40,2021-08-30,Pigs,40 lb,Cash,600 - 1200,2100,55.0,64.0,59.29,55.02,08/27/2021,,,361,2021,35
08/30/2021,09/03/2021,09/03/2021 12:31:40,2021-08-30,Pigs Early Weaned,10 to 12 lb,Cash,600 - 1200,3950,38.0,49.0,43.89,43.77,08/27/2021,,,361,2021,35
08/30/2021,09/03/2021,09/03/2021 12:31:40,2021-08-30,Pigs Early Weaned,10 to 12 lb,Cash,Total Composite,49417,38.0,55.0,48.9,45.35,08/27/2021,,,361,2021,35
09/06/2021,09/10/2021,09/10/2021 12:13:21,2021-09-06,Pigs,40 lb,Cash,Total Composite,10350,60.0,73.0,70.89,67.56,09/03/2021,,,371,2021,36
09/06/2021,09/10/2021,09/10/2021 12:13:21,2021-09-06,Pigs,40 lb,Cash,600 - 1200,2150,60.0,72.0,66.42,59.29,09/03/2021,,,371,2021,36
09/06/2021,09/10/2021,09/10/2021 12:13:21,2021-09-06,Pigs,40 lb,Cash,> 1200,7700,72.0,73.0,72.58,69.91,09/03/2021,,,371,2021,36
09/06/2021,09/10/2021,09/10/2021 12:13:21,2021-09-06,Pigs,40 lb,Cash,< 600,500,64.0,64.0,64.0,,09/03/2021,,,371,2021,36
09/06/2021,09/10/2021,09/10/2021 12:13:21,2021-09-06,Pigs Early Weaned,10 to 12 lb,Formula,Total Composite,39046,38.58,54.37,46.7,44.22,09/03/2021,,,371,2021,36
09/06/2021,09/10/2021,09/10/2021 12:13:21,2021-09-06,Pigs Early Weaned,10 to 12 lb,Cash,600 - 1200,1750,48.5,49.0,48.69,43.89,09/03/2021,,,371,2021,36
09/06/2021,09/10/2021,09/10/2021 12:13:21,2021-09-06,Pigs Early Weaned,10 to 12 lb,Cash,> 1200,25700,36.0,52.0,45.96,49.37,09/03/2021,,,371,2021,36
09/06/2021,09/10/2021,09/10/2021 12:13:21,2021-09-06,Pigs Early Weaned,10 to 12 lb,Formula,600 - 1200,1100,48.9,48.9,48.9,44.03,09/03/2021,,,371,2021,36
09/06/2021,09/10/2021,09/10/2021 12:13:21,2021-09-06,Pigs Early Weaned,10 to 12 lb,Formula,> 1200,37946,38.58,54.37,46.64,44.23,09/03/2021,,,371,2021,36
09/06/2021,09/10/2021,09/10/2021 12:13:21,2021-09-06,Pigs Early Weaned,10 to 12 lb,Cash,Total Composite,27450,36.0,52.0,46.14,48.9,09/03/2021,,,371,2021,36
09/13/2021,09/17/2021,09/17/2021 12:10:32,2021-09-13,Pigs Early Weaned,10 to 12 lb,Cash,Total Composite,43470,36.0,54.0,48.01,46.14,09/10/2021,,,381,2021,37
09/13/2021,09/17/2021,09/17/2021 12:10:32,2021-09-13,Pigs Early Weaned,10 to 12 lb,Cash,> 1200,39120,36.0,54.0,48.52,45.96,09/10/2021,,,381,2021,37
09/13/2021,09/17/2021,09/17/2021 12:10:32,2021-09-13,Pigs Early Weaned,10 to 12 lb,Formula,Total Composite,55552,39.65,51.14,44.94,46.7,09/10/2021,,,381,2021,37
09/13/2021,09/17/2021,09/17/2021 12:10:32,2021-09-13,Pigs Early Weaned,10 to 12 lb,Formula,600 - 1200,1725,40.61,46.14,44.14,48.9,09/10/2021,,,381,2021,37
09/13/2021,09/17/2021,09/17/2021 12:10:32,2021-09-13,Pigs Early Weaned,10 to 12 lb,Formula,> 1200,53427,39.65,51.14,44.96,46.64,09/10/2021,,,381,2021,37
09/13/2021,09/17/2021,09/17/2021 12:10:32,2021-09-13,Pigs Early Weaned,10 to 12 lb,Formula,< 600,400,46.14,46.14,46.14,,09/10/2021,,,381,2021,37
09/13/2021,09/17/2021,09/17/2021 12:10:32,2021-09-13,Pigs,40 lb,Cash,Total Composite,14100,61.0,75.0,71.78,70.89,09/10/2021,,,381,2021,37
09/13/2021,09/17/2021,09/17/2021 12:10:32,2021-09-13,Pigs,40 lb,Cash,600 - 1200,600,66.0,66.0,66.0,66.42,09/10/2021,,,381,2021,37
09/13/2021,09/17/2021,09/17/2021 12:10:32,2021-09-13,Pigs,40 lb,Cash,> 1200,13000,69.0,75.0,72.46,72.58,09/10/2021,,,381,2021,37
09/13/2021,09/17/2021,09/17/2021 12:10:32,2021-09-13,Pigs,40 lb,Cash,< 600,500,61.0,61.0,61.0,64.0,09/10/2021,,,381,2021,37
09/13/2021,09/17/2021,09/17/2021 12:10:32,2021-09-13,Pigs Early Weaned,10 to 12 lb,Cash,600 - 1200,4350,38.0,47.0,43.4,48.69,09/10/2021,,,381,2021,37
09/20/2021,09/24/2021,09/24/2021 12:05:35,2021-09-20,Pigs,40 lb,Cash,> 1200,8800,71.0,73.0,72.18,72.46,09/17/2021,,,391,2021,38
09/20/2021,09/24/2021,09/24/2021 12:05:35,2021-09-20,Pigs Early Weaned,10 to 12 lb,Formula,Total Composite,41996,38.07,53.01,45.5,44.94,09/17/2021,,,391,2021,38
09/20/2021,09/24/2021,09/24/2021 12:05:35,2021-09-20,Pigs Early Weaned,10 to 12 lb,Formula,600 - 1200,1650,39.84,48.01,44.79,44.14,09/17/2021,,,391,2021,38
09/20/2021,09/24/2021,09/24/2021 12:05:35,2021-09-20,Pigs Early Weaned,10 to 12 lb,Formula,> 1200,40346,38.07,53.01,45.52,44.96,09/17/2021,,,391,2021,38
09/20/2021,09/24/2021,09/24/2021 12:05:35,2021-09-20,Pigs Early Weaned,10 to 12 lb,Cash,Total Composite,29010,36.0,54.0,47.42,48.01,09/17/2021,,,391,2021,38
09/20/2021,09/24/2021,09/24/2021 12:05:35,2021-09-20,Pigs Early Weaned,10 to 12 lb,Cash,600 - 1200,3750,40.0,51.0,43.89,43.4,09/17/2021,,,391,2021,38
09/20/2021,09/24/2021,09/24/2021 12:05:35,2021-09-20,Pigs Early Weaned,10 to 12 lb,Cash,> 1200,24560,36.0,54.0,47.91,48.52,09/17/2021,,,391,2021,38
09/20/2021,09/24/2021,09/24/2021 12:05:35,2021-09-20,Pigs Early Weaned,10 to 12 lb,Cash,< 600,700,49.0,49.0,49.0,,09/17/2021,,,391,2021,38
09/20/2021,09/24/2021,09/24/2021 12:05:35,2021-09-20,Pigs,40 lb,Cash,Total Composite,11550,57.0,73.0,70.3,71.78,09/17/2021,,,391,2021,38
09/20/2021,09/24/2021,09/24/2021 12:05:35,2021-09-20,Pigs,40 lb,Cash,600 - 1200,2750,57.0,67.0,64.27,66.0,09/17/2021,,,391,2021,38
09/27/2021,10/01/2021,10/01/2021 12:31:47,2021-09-27,Pigs Early Weaned,10 to 12 lb,Formula,> 1200,57487,39.63,52.91,44.81,45.52,09/24/2021,38.42,10/02/2020,401,2021,39
09/27/2021,10/01/2021,10/01/2021 12:31:47,2021-09-27,Pigs Early Weaned,10 to 12 lb,Formula,Total Composite,57487,39.63,52.91,44.81,45.5,09/24/2021,38.42,10/02/2020,401,2021,39
09/27/2021,10/01/2021,10/01/2021 12:31:47,2021-09-27,Pigs,40 lb,Cash,600 - 1200,2700,69.0,74.0,72.89,64.27,09/24/2021,38.65,10/02/2020,401,2021,39
09/27/2021,10/01/2021,10/01/2021 12:31:47,2021-09-27,Pigs,40 lb,Cash,Total Composite,11900,69.0,81.0,73.9,70.3,09/24/2021,40.82,10/02/2020,401,2021,39
09/27/2021,10/01/2021,10/01/2021 12:31:47,2021-09-27,Pigs Early Weaned,10 to 12 lb,Cash,< 600,400,48.0,48.0,48.0,49.0,09/24/2021,25.0,10/02/2020,401,2021,39
09/27/2021,10/01/2021,10/01/2021 12:31:47,2021-09-27,Pigs Early Weaned,10 to 12 lb,Cash,> 1200,35265,39.0,56.0,49.63,47.91,09/24/2021,30.5,10/02/2020,401,2021,39
09/27/2021,10/01/2021,10/01/2021 12:31:47,2021-09-27,Pigs Early Weaned,10 to 12 lb,Cash,600 - 1200,3050,35.0,49.0,44.44,43.89,09/24/2021,26.01,10/02/2020,401,2021,39
09/27/2021,10/01/2021,10/01/2021 12:31:47,2021-09-27,Pigs Early Weaned,10 to 12 lb,Cash,Total Composite,38715,35.0,56.0,49.2,47.42,09/24/2021,29.75,10/02/2020,401,2021,39
09/27/2021,10/01/2021,10/01/2021 12:31:47,2021-09-27,Pigs,40 lb,Cash,> 1200,9200,72.0,81.0,74.2,72.18,09/24/2021,42.0,10/02/2020,401,2021,39
10/04/2021,10/08/2021,10/08/2021 12:11:36,2021-10-04,Pigs Early Weaned,10 to 12 lb,Cash,600 - 1200,3600,40.0,49.5,46.24,44.44,10/01/2021,30.2,10/09/2020,411,2021,40
10/04/2021,10/08/2021,10/08/2021 12:11:36,2021-10-04,Pigs Early Weaned,10 to 12 lb,Cash,> 1200,61050,46.0,57.0,52.02,49.63,10/01/2021,34.36,10/09/2020,411,2021,40
10/04/2021,10/08/2021,10/08/2021 12:11:36,2021-10-04,Pigs Early Weaned,10 to 12 lb,Cash,< 600,1000,35.0,46.0,40.5,48.0,10/01/2021,29.04,10/09/2020,411,2021,40
10/04/2021,10/08/2021,10/08/2021 12:11:36,2021-10-04,Pigs,40 lb,Cash,Total Composite,5050,65.0,78.5,73.67,73.9,10/01/2021,46.19,10/09/2020,411,2021,40
10/04/2021,10/08/2021,10/08/2021 12:11:36,2021-10-04,Pigs,40 lb,Cash,600 - 1200,2250,65.0,76.0,70.16,72.89,10/01/2021,40.08,10/09/2020,411,2021,40
10/04/2021,10/08/2021,10/08/2021 12:11:36,2021-10-04,Pigs,40 lb,Cash,> 1200,2400,76.0,78.5,77.25,74.2,10/01/2021,47.92,10/09/2020,411,2021,40
10/04/2021,10/08/2021,10/08/2021 12:11:36,2021-10-04,Pigs,40 lb,Cash,< 600,400,72.0,72.0,72.0,,10/01/2021,41.81,10/09/2020,411,2021,40
10/04/2021,10/08/2021,10/08/2021 12:11:36,2021-10-04,Pigs Early Weaned,10 to 12 lb,Formula,600 - 1200,1300,42.0,46.09,44.05,,10/01/2021,,10/09/2020,411,2021,40
10/04/2021,10/08/2021,10/08/2021 12:11:36,2021-10-04,Pigs Early Weaned,10 to 12 lb,Cash,Total Composite,65650,35.0,57.0,51.52,49.2,10/01/2021,34.02,10/09/2020,411,2021,40
10/04/2021,10/08/2021,10/08/2021 12:11:36,2021-10-04,Pigs Early Weaned,10 to 12 lb,Formula,Total Composite,61823,38.77,54.7,45.96,44.81,10/01/2021,38.77,10/09/2020,411,2021,40
10/04/2021,10/08/2021,10/08/2021 12:11:36,2021-10-04,Pigs Early Weaned,10 to 12 lb,Formula,> 1200,60523,38.77,54.7,46.01,44.81,10/01/2021,38.77,10/09/2020,411,2021,40
10/11/2021,10/15/2021,10/15/2021 12:33:21,2021-10-11,Pigs Early Weaned,10 to 12 lb,Cash,600 - 1200,5350,41.0,52.0,46.45,46.24,10/08/2021,35.3,10/16/2020,421,2021,41
10/11/2021,10/15/2021,10/15/2021 12:33:21,2021-10-11,Pigs Early Weaned,10 to 12 lb,Formula,Total Composite,50597,41.58,57.02,48.06,45.96,10/08/2021,40.05,10/16/2020,421,2021,41
10/11/2021,10/15/2021,10/15/2021 12:33:21,2021-10-11,Pigs Early Weaned,10 to 12 lb,Formula,600 - 1200,2600,44.22,55.02,51.41,44.05,10/08/2021,42.6,10/16/2020,421,2021,41
10/11/2021,10/15/2021,10/15/2021 12:33:21,2021-10-11,Pigs,40 lb,Cash,< 600,800,55.0,74.0,68.25,72.0,10/08/2021,43.51,10/16/2020,421,2021,41
10/11/2021,10/15/2021,10/15/2021 12:33:21,2021-10-11,Pigs,40 lb,Cash,> 1200,8050,65.0,75.0,71.04,77.25,10/08/2021,42.0,10/16/2020,421,2021,41
10/11/2021,10/15/2021,10/15/2021 12:33:21,2021-10-11,Pigs,40 lb,Cash,600 - 1200,1650,66.0,72.0,69.82,70.16,10/08/2021,48.03,10/16/2020,421,2021,41
10/11/2021,10/15/2021,10/15/2021 12:33:21,2021-10-11,Pigs,40 lb,Cash,Total Composite,10500,55.0,75.0,70.64,73.67,10/08/2021,44.37,10/16/2020,421,2021,41
10/11/2021,10/15/2021,10/15/2021 12:33:21,2021-10-11,Pigs Early Weaned,10 to 12 lb,Cash,< 600,800,35.0,48.0,41.5,40.5,10/08/2021,33.27,10/16/2020,421,2021,41
10/11/2021,10/15/2021,10/15/2021 12:33:21,2021-10-11,Pigs Early Weaned,10 to 12 lb,Cash,> 1200,29500,48.0,56.0,51.09,52.02,10/08/2021,35.4,10/16/2020,421,2021,41
10/11/2021,10/15/2021,10/15/2021 12:33:21,2021-10-11,Pigs Early Weaned,10 to 12 lb,Cash,Total Composite,35650,35.0,56.0,50.18,51.52,10/08/2021,35.36,10/16/2020,421,2021,41
10/11/2021,10/15/2021,10/15/2021 12:33:21,2021-10-11,Pigs Early Weaned,10 to 12 lb,Formula,> 1200,47997,41.58,57.02,47.88,46.01,10/08/2021,39.96,10/16/2020,421,2021,41
10/18/2021,10/22/2021,10/22/2021 12:00:07,2021-10-18,Pigs Early Weaned,10 to 12 lb,Formula,Total Composite,37562,43.56,56.09,48.75,48.06,10/15/2021,38.94,10/23/2020,431,2021,42
10/18/2021,10/22/2021,10/22/2021 12:00:07,2021-10-18,Pigs Early Weaned,10 to 12 lb,Formula,600 - 1200,2700,43.56,51.18,48.09,51.41,10/15/2021,31.86,10/23/2020,431,2021,42
10/18/2021,10/22/2021,10/22/2021 12:00:07,2021-10-18,Pigs,40 lb,Cash,Total Composite,9150,55.0,75.5,70.64,70.64,10/15/2021,45.05,10/23/2020,431,2021,42
10/18/2021,10/22/2021,10/22/2021 12:00:07,2021-10-18,Pigs Early Weaned,10 to 12 lb,Cash,< 600,1140,47.0,54.0,49.67,41.5,10/15/2021,37.67,10/23/2020,431,2021,42
10/18/2021,10/22/2021,10/22/2021 12:00:07,2021-10-18,Pigs Early Weaned,10 to 12 lb,Cash,Total Composite,33290,35.0,60.0,51.95,50.18,10/15/2021,35.98,10/23/2020,431,2021,42
10/18/2021,10/22/2021,10/22/2021 12:00:07,2021-10-18,Pigs Early Weaned,10 to 12 lb,Cash,600 - 1200,2100,35.0,48.0,43.71,46.45,10/15/2021,34.8,10/23/2020,431,2021,42
10/18/2021,10/22/2021,10/22/2021 12:00:07,2021-10-18,Pigs Early Weaned,10 to 12 lb,Cash,> 1200,30050,40.0,60.0,52.61,51.09,10/15/2021,36.02,10/23/2020,431,2021,42
10/18/2021,10/22/2021,10/22/2021 12:00:07,2021-10-18,Pigs,40 lb,Cash,> 1200,2400,74.0,74.0,74.0,71.04,10/15/2021,,10/23/2020,431,2021,42
10/18/2021,10/22/2021,10/22/2021 12:00:07,2021-10-18,Pigs,40 lb,Cash,< 600,1250,55.0,71.0,68.28,68.25,10/15/2021,39.97,10/23/2020,431,2021,42
10/18/2021,10/22/2021,10/22/2021 12:00:07,2021-10-18,Pigs,40 lb,Cash,600 - 1200,5500,62.0,75.5,69.71,69.82,10/15/2021,46.51,10/23/2020,431,2021,42
10/18/2021,10/22/2021,10/22/2021 12:00:07,2021-10-18,Pigs Early Weaned,10 to 12 lb,Formula,> 1200,34862,45.5,56.09,48.8,47.88,10/15/2021,39.05,10/23/2020,431,2021,42
10/25/2021,10/29/2021,10/29/2021 12:17:59,2021-10-25,Pigs Early Weaned,10 to 12 lb,Cash,< 600,375,53.0,53.0,53.0,49.67,10/22/2021,32.0,10/30/2020,441,2021,43
10/25/2021,10/29/2021,10/29/2021 12:17:59,2021-10-25,Pigs Early Weaned,10 to 12 lb,Formula,600 - 1200,650,38.91,38.91,38.91,48.09,10/22/2021,,10/30/2020,441,2021,43
10/25/2021,10/29/2021,10/29/2021 12:17:59,2021-10-25,Pigs Early Weaned,10 to 12 lb,Formula,> 1200,48477,42.84,57.61,48.2,48.8,10/22/2021,41.17,10/30/2020,441,2021,43
10/25/2021,10/29/2021,10/29/2021 12:17:59,2021-10-25,Pigs Early Weaned,10 to 12 lb,Formula,Total Composite,49127,38.91,57.61,48.08,48.75,10/22/2021,41.17,10/30/2020,441,2021,43
10/25/2021,10/29/2021,10/29/2021 12:17:59,2021-10-25,Pigs Early Weaned,10 to 12 lb,Cash,Total Composite,33830,35.0,56.0,50.81,51.95,10/22/2021,36.12,10/30/2020,441,2021,43
10/25/2021,10/29/2021,10/29/2021 12:17:59,2021-10-25,Pigs Early Weaned,10 to 12 lb,Cash,600 - 1200,4350,39.0,55.0,47.06,43.71,10/22/2021,31.67,10/30/2020,441,2021,43
10/25/2021,10/29/2021,10/29/2021 12:17:59,2021-10-25,Pigs Early Weaned,10 to 12 lb,Cash,> 1200,29105,35.0,56.0,51.34,52.61,10/22/2021,36.51,10/30/2020,441,2021,43
10/25/2021,10/29/2021,10/29/2021 12:17:59,2021-10-25,Pigs,40 lb,Cash,Total Composite,6825,70.0,74.0,72.1,70.64,10/22/2021,47.19,10/30/2020,441,2021,43
10/25/2021,10/29/2021,10/29/2021 12:17:59,2021-10-25,Pigs,40 lb,Cash,600 - 1200,5625,70.0,74.0,72.54,69.71,10/22/2021,45.64,10/30/2020,441,2021,43
10/25/2021,10/29/2021,10/29/2021 12:17:59,2021-10-25,Pigs,40 lb,Cash,> 1200,1200,70.0,70.0,70.0,74.0,10/22/2021,48.24,10/30/2020,441,2021,43
11/01/2021,11/05/2021,11/05/2021 12:09:22,2021-11-01,Pigs Early Weaned,10 to 12 lb,Formula,600 - 1200,650,43.27,43.27,43.27,38.91,10/29/2021,,11/06/2020,451,2021,44
11/01/2021,11/05/2021,11/05/2021 12:09:22,2021-11-01,Pigs Early Weaned,10 to 12 lb,Formula,> 1200,69667,39.54,56.34,47.87,48.2,10/29/2021,40.14,11/06/2020,451,2021,44
11/01/2021,11/05/2021,11/05/2021 12:09:22,2021-11-01,Pigs Early Weaned,10 to 12 lb,Formula,Total Composite,70317,39.54,56.34,47.83,48.08,10/29/2021,40.14,11/06/2020,451,2021,44
11/01/2021,11/05/2021,11/05/2021 12:09:22,2021-11-01,Pigs Early Weaned,10 to 12 lb,Cash,Total Composite,58076,36.0,57.0,53.16,50.81,10/29/2021,35.9,11/06/2020,451,2021,44
11/01/2021,11/05/2021,11/05/2021 12:09:22,2021-11-01,Pigs,40 lb,Cash,< 600,1900,65.0,74.0,70.18,,10/29/2021,48.0,11/06/2020,451,2021,44
11/01/2021,11/05/2021,11/05/2021 12:09:22,2021-11-01,Pigs Early Weaned,10 to 12 lb,Cash,> 1200,53981,47.0,57.0,53.57,51.34,10/29/2021,36.5,11/06/2020,451,2021,44
11/01/2021,11/05/2021,11/05/2021 12:09:22,2021-11-01,Pigs Early Weaned,10 to 12 lb,Cash,< 600,695,36.0,53.0,45.17,53.0,10/29/2021,32.37,11/06/2020,451,2021,44
11/01/2021,11/05/2021,11/05/2021 12:09:22,2021-11-01,Pigs,40 lb,Cash,Total Composite,7400,65.0,74.0,69.8,72.1,10/29/2021,49.72,11/06/2020,451,2021,44
11/01/2021,11/05/2021,11/05/2021 12:09:22,2021-11-01,Pigs,40 lb,Cash,600 - 1200,1000,70.0,70.0,70.0,72.54,10/29/2021,45.0,11/06/2020,451,2021,44
11/01/2021,11/05/2021,11/05/2021 12:09:22,2021-11-01,Pigs,40 lb,Cash,> 1200,4500,65.0,73.5,69.6,70.0,10/29/2021,50.64,11/06/2020,451,2021,44
11/01/2021,11/05/2021,11/05/2021 12:09:22,2021-11-01,Pigs Early Weaned,10 to 12 lb,Cash,600 - 1200,3400,45.0,55.0,48.31,47.06,10/29/2021,31.87,11/06/2020,451,2021,44
11/08/2021,11/12/2021,11/12/2021 12:15:58,2021-11-08,Pigs,40 lb,Cash,< 600,425,65.0,65.0,65.0,70.18,11/05/2021,46.27,11/13/2020,461,2021,45
11/08/2021,11/12/2021,11/12/2021 12:15:58,2021-11-08,Pigs Early Weaned,10 to 12 lb,Formula,> 1200,26913,39.53,58.57,49.14,47.87,11/05/2021,39.24,11/13/2020,461,2021,45
11/08/2021,11/12/2021,11/12/2021 12:15:58,2021-11-08,Pigs,40 lb,Cash,> 1200,8700,62.0,73.0,67.52,69.6,11/05/2021,48.41,11/13/2020,461,2021,45
11/08/2021,11/12/2021,11/12/2021 12:15:58,2021-11-08,Pigs,40 lb,Cash,Total Composite,14125,62.0,73.0,67.34,69.8,11/05/2021,48.24,11/13/2020,461,2021,45
11/08/2021,11/12/2021,11/12/2021 12:15:58,2021-11-08,Pigs Early Weaned,10 to 12 lb,Formula,Total Composite,27563,39.53,58.57,49.05,47.83,11/05/2021,39.24,11/13/2020,461,2021,45
11/08/2021,11/12/2021,11/12/2021 12:15:58,2021-11-08,Pigs Early Weaned,10 to 12 lb,Cash,> 1200,15253,48.0,59.0,54.75,53.57,11/05/2021,37.43,11/13/2020,461,2021,45
11/08/2021,11/12/2021,11/12/2021 12:15:58,2021-11-08,Pigs Early Weaned,10 to 12 lb,Cash,600 - 1200,2450,48.0,59.0,53.33,48.31,11/05/2021,39.39,11/13/2020,461,2021,45
11/08/2021,11/12/2021,11/12/2021 12:15:58,2021-11-08,Pigs Early Weaned,10 to 12 lb,Cash,Total Composite,19078,35.0,59.0,53.74,53.16,11/05/2021,37.56,11/13/2020,461,2021,45
11/08/2021,11/12/2021,11/12/2021 12:15:58,2021-11-08,Pigs Early Weaned,10 to 12 lb,Cash,< 600,1375,35.0,49.0,43.25,45.17,11/05/2021,,11/13/2020,461,2021,45
11/08/2021,11/12/2021,11/12/2021 12:15:58,2021-11-08,Pigs Early Weaned,10 to 12 lb,Formula,600 - 1200,650,45.14,45.14,45.14,43.27,11/05/2021,,11/13/2020,461,2021,45
11/08/2021,11/12/2021,11/12/2021 12:15:58,2021-11-08,Pigs,40 lb,Cash,600 - 1200,5000,63.0,72.0,67.22,70.0,11/05/2021,,11/13/2020,461,2021,45
11/15/2021,11/19/2021,11/19/2021 12:02:44,2021-11-15,Pigs,40 lb,Cash,> 1200,4250,68.0,72.0,70.26,67.52,11/12/2021,51.21,11/20/2020,471,2021,46
11/15/2021,11/19/2021,11/19/2021 12:02:44,2021-11-15,Pigs,40 lb,Cash,600 - 1200,4800,68.0,70.0,69.75,67.22,11/12/2021,50.25,11/20/2020,471,2021,46
11/15/2021,11/19/2021,11/19/2021 12:02:44,2021-11-15,Pigs Early Weaned,10 to 12 lb,Formula,Total Composite,65580,39.64,59.75,49.35,49.05,11/12/2021,39.11,11/20/2020,471,2021,46
11/15/2021,11/19/2021,11/19/2021 12:02:44,2021-11-15,Pigs Early Weaned,10 to 12 lb,Cash,600 - 1200,3150,48.0,52.5,49.84,53.33,11/12/2021,36.74,11/20/2020,471,2021,46
11/15/2021,11/19/2021,11/19/2021 12:02:44,2021-11-15,Pigs,40 lb,Cash,Total Composite,9625,68.0,72.0,69.93,67.34,11/12/2021,50.77,11/20/2020,471,2021,46
11/15/2021,11/19/2021,11/19/2021 12:02:44,2021-11-15,Pigs Early Weaned,10 to 12 lb,Formula,> 1200,64930,39.64,59.75,49.4,49.14,11/12/2021,39.01,11/20/2020,471,2021,46
11/15/2021,11/19/2021,11/19/2021 12:02:44,2021-11-15,Pigs Early Weaned,10 to 12 lb,Cash,Total Composite,39743,38.0,59.0,53.43,53.74,11/12/2021,37.76,11/20/2020,471,2021,46
11/15/2021,11/19/2021,11/19/2021 12:02:44,2021-11-15,Pigs,40 lb,Cash,< 600,575,69.0,69.0,69.0,65.0,11/12/2021,51.0,11/20/2020,471,2021,46
11/15/2021,11/19/2021,11/19/2021 12:02:44,2021-11-15,Pigs Early Weaned,10 to 12 lb,Cash,> 1200,35743,42.0,59.0,54.01,54.75,11/12/2021,37.85,11/20/2020,471,2021,46
11/15/2021,11/19/2021,11/19/2021 12:02:44,2021-11-15,Pigs Early Weaned,10 to 12 lb,Formula,600 - 1200,650,43.94,43.94,43.94,45.14,11/12/2021,42.63,11/20/2020,471,2021,46
11/15/2021,11/19/2021,11/19/2021 12:02:44,2021-11-15,Pigs Early Weaned,10 to 12 lb,Cash,< 600,850,38.0,45.0,42.12,43.25,11/12/2021,,11/20/2020,471,2021,46
11/22/2021,11/26/2021,11/26/2021 12:13:50,2021-11-22,Pigs,40 lb,Cash,Total Composite,7709,62.0,78.0,71.59,69.93,11/19/2021,50.0,11/27/2020,481,2021,47
11/22/2021,11/26/2021,11/26/2021 12:13:50,2021-11-22,Pigs,40 lb,Cash,< 600,2009,62.0,70.0,67.28,69.0,11/19/2021,52.0,11/27/2020,481,2021,47
11/22/2021,11/26/2021,11/26/2021 12:13:50,2021-11-22,Pigs,40 lb,Cash,600 - 1200,1200,70.0,71.0,70.5,69.75,11/19/2021,49.19,11/27/2020,481,2021,47
11/22/2021,11/26/2021,11/26/2021 12:13:50,2021-11-22,Pigs,40 lb,Cash,> 1200,4500,71.0,78.0,73.8,70.26,11/19/2021,,11/27/2020,481,2021,47
11/22/2021,11/26/2021,11/26/2021 12:13:50,2021-11-22,Pigs Early Weaned,10 to 12 lb,Cash,< 600,620,35.0,35.0,35.0,42.12,11/19/2021,36.75,11/27/2020,481,2021,47
11/22/2021,11/26/2021,11/26/2021 12:13:50,2021-11-22,Pigs Early Weaned,10 to 12 lb,Cash,> 1200,20684,44.75,60.0,56.79,54.01,11/19/2021,41.1,11/27/2020,481,2021,47
11/22/2021,11/26/2021,11/26/2021 12:13:50,2021-11-22,Pigs Early Weaned,10 to 12 lb,Formula,Total Composite,37578,43.87,59.43,50.45,49.35,11/19/2021,39.25,11/27/2020,481,2021,47
11/22/2021,11/26/2021,11/26/2021 12:13:50,2021-11-22,Pigs Early Weaned,10 to 12 lb,Cash,Total Composite,25684,35.0,60.0,54.78,53.43,11/19/2021,40.88,11/27/2020,481,2021,47
11/22/2021,11/26/2021,11/26/2021 12:13:50,2021-11-22,Pigs Early Weaned,10 to 12 lb,Cash,600 - 1200,4380,44.5,50.0,48.08,49.84,11/19/2021,39.15,11/27/2020,481,2021,47
11/22/2021,11/26/2021,11/26/2021 12:13:50,2021-11-22,Pigs Early Weaned,10 to 12 lb,Formula,> 1200,37578,43.87,59.43,50.45,49.4,11/19/2021,39.41,11/27/2020,481,2021,47
11/29/2021,12/03/2021,12/03/2021 12:03:36,2021-11-29,Pigs Early Weaned,10 to 12 lb,Formula,Total Composite,55160,39.75,61.79,49.66,50.45,11/26/2021,39.82,12/04/2020,491,2021,48
11/29/2021,12/03/2021,12/03/2021 12:03:36,2021-11-29,Pigs Early Weaned,10 to 12 lb,Formula,< 600,700,55.78,55.78,55.78,,11/26/2021,,12/04/2020,491,2021,48
11/29/2021,12/03/2021,12/03/2021 12:03:36,2021-11-29,Pigs Early Weaned,10 to 12 lb,Cash,< 600,800,47.0,53.0,50.0,35.0,11/26/2021,38.64,12/04/2020,491,2021,48
11/29/2021,12/03/2021,12/03/2021 12:03:36,2021-11-29,Pigs Early Weaned,10 to 12 lb,Formula,> 1200,52648,39.75,61.79,49.68,50.45,11/26/2021,39.86,12/04/2020,491,2021,48
11/29/2021,12/03/2021,12/03/2021 12:03:36,2021-11-29,Pigs Early Weaned,10 to 12 lb,Formula,600 - 1200,1812,45.5,49.01,46.76,,11/26/2021,37.88,12/04/2020,491,2021,48
11/29/2021,12/03/2021,12/03/2021 12:03:36,2021-11-29,Pigs Early Weaned,10 to 12 lb,Cash,Total Composite,27700,42.0,61.0,56.4,54.78,11/26/2021,43.23,12/04/2020,491,2021,48
11/29/2021,12/03/2021,12/03/2021 12:03:36,2021-11-29,Pigs Early Weaned,10 to 12 lb,Cash,600 - 1200,5550,42.0,58.0,52.21,48.08,11/26/2021,41.05,12/04/2020,491,2021,48
11/29/2021,12/03/2021,12/03/2021 12:03:36,2021-11-29,Pigs,40 lb,Cash,< 600,900,72.0,78.0,74.67,67.28,11/26/2021,49.68,12/04/2020,491,2021,48
11/29/2021,12/03/2021,12/03/2021 12:03:36,2021-11-29,Pigs,40 lb,Cash,> 1200,6850,73.0,77.0,75.05,73.8,11/26/2021,55.32,12/04/2020,491,2021,48
11/29/2021,12/03/2021,12/03/2021 12:03:36,2021-11-29,Pigs,40 lb,Cash,600 - 1200,2500,67.0,76.0,70.18,70.5,11/26/2021,52.09,12/04/2020,491,2021,48
11/29/2021,12/03/2021,12/03/2021 12:03:36,2021-11-29,Pigs,40 lb,Cash,Total Composite,10250,67.0,78.0,73.83,71.59,11/26/2021,54.43,12/04/2020,491,2021,48
11/29/2021,12/03/2021,12/03/2021 12:03:36,2021-11-29,Pigs Early Weaned,10 to 12 lb,Cash,> 1200,21350,51.0,61.0,57.73,56.79,11/26/2021,43.47,12/04/2020,491,2021,48
12/06/2021,12/10/2021,12/10/2021 12:08:43,2021-12-06,Pigs,40 lb,Cash,> 1200,1200,75.0,75.0,75.0,75.05,12/03/2021,56.13,12/11/2020,501,2021,49
12/06/2021,12/10/2021,12/10/2021 12:08:43,2021-12-06,Pigs Early Weaned,10 to 12 lb,Formula,600 - 1200,2450,47.91,60.4,56.11,46.76,12/03/2021,45.39,12/11/2020,501,2021,49
12/06/2021,12/10/2021,12/10/2021 12:08:43,2021-12-06,Pigs Early Weaned,10 to 12 lb,Formula,< 600,350,57.4,57.4,57.4,55.78,12/03/2021,,12/11/2020,501,2021,49
12/06/2021,12/10/2021,12/10/2021 12:08:43,2021-12-06,Pigs Early Weaned,10 to 12 lb,Formula,Total Composite,45397,40.5,62.73,51.35,49.66,12/03/2021,41.94,12/11/2020,501,2021,49
12/06/2021,12/10/2021,12/10/2021 12:08:43,2021-12-06,Pigs Early Weaned,10 to 12 lb,Cash,600 - 1200,2150,54.75,55.5,55.12,52.21,12/03/2021,42.1,12/11/2020,501,2021,49
12/06/2021,12/10/2021,12/10/2021 12:08:43,2021-12-06,Pigs Early Weaned,10 to 12 lb,Cash,> 1200,43300,47.0,62.0,55.65,57.73,12/03/2021,46.08,12/11/2020,501,2021,49
12/06/2021,12/10/2021,12/10/2021 12:08:43,2021-12-06,Pigs Early Weaned,10 to 12 lb,Cash,< 600,300,38.0,38.0,38.0,50.0,12/03/2021,35.5,12/11/2020,501,2021,49
12/06/2021,12/10/2021,12/10/2021 12:08:43,2021-12-06,Pigs,40 lb,Cash,600 - 1200,2575,71.0,74.5,73.16,70.18,12/03/2021,55.0,12/11/2020,501,2021,49
12/06/2021,12/10/2021,12/10/2021 12:08:43,2021-12-06,Pigs Early Weaned,10 to 12 lb,Formula,> 1200,42597,40.5,62.73,51.03,49.68,12/03/2021,41.77,12/11/2020,501,2021,49
12/06/2021,12/10/2021,12/10/2021 12:08:43,2021-12-06,Pigs Early Weaned,10 to 12 lb,Cash,Total Composite,45750,38.0,62.0,55.51,56.4,12/03/2021,45.81,12/11/2020,501,2021,49
12/06/2021,12/10/2021,12/10/2021 12:08:43,2021-12-06,Pigs,40 lb,Cash,Total Composite,3775,71.0,75.0,73.74,73.83,12/03/2021,55.83,12/11/2020,501,2021,49
12/13/2021,12/17/2021,12/17/2021 11:59:41,2021-12-13,Pigs,40 lb,Cash,< 600,700,66.0,70.0,67.71,,12/10/2021,50.92,12/18/2020,511,2021,50
12/13/2021,12/17/2021,12/17/2021 11:59:41,2021-12-13,Pigs,40 lb,Cash,> 1200,7350,74.0,84.0,77.4,75.0,12/10/2021,58.0,12/18/2020,511,2021,50
12/13/2021,12/17/2021,12/17/2021 11:59:41,2021-12-13,Pigs,40 lb,Cash,600 - 1200,1100,74.0,74.0,74.0,73.16,12/10/2021,55.76,12/18/2020,511,2021,50
12/13/2021,12/17/2021,12/17/2021 11:59:41,2021-12-13,Pigs,40 lb,Cash,Total Composite,9150,66.0,84.0,76.25,73.74,12/10/2021,56.15,12/18/2020,511,2021,50
12/13/2021,12/17/2021,12/17/2021 11:59:41,2021-12-13,Pigs Early Weaned,10 to 12 lb,Cash,600 - 1200,3100,54.5,62.0,57.65,55.12,12/10/2021,45.78,12/18/2020,511,2021,50
12/13/2021,12/17/2021,12/17/2021 11:59:41,2021-12-13,Pigs Early Weaned,10 to 12 lb,Cash,Total Composite,24959,40.0,65.0,58.38,55.51,12/10/2021,48.71,12/18/2020,511,2021,50
12/13/2021,12/17/2021,12/17/2021 11:59:41,2021-12-13,Pigs Early Weaned,10 to 12 lb,Cash,> 1200,21029,52.0,65.0,59.04,55.65,12/10/2021,49.13,12/18/2020,511,2021,50
12/13/2021,12/17/2021,12/17/2021 11:59:41,2021-12-13,Pigs Early Weaned,10 to 12 lb,Formula,Total Composite,60922,45.5,62.65,53.17,51.35,12/10/2021,43.07,12/18/2020,511,2021,50
12/13/2021,12/17/2021,12/17/2021 11:59:41,2021-12-13,Pigs Early Weaned,10 to 12 lb,Cash,< 600,830,40.0,58.0,44.39,38.0,12/10/2021,,12/18/2020,511,2021,50
12/13/2021,12/17/2021,12/17/2021 11:59:41,2021-12-13,Pigs Early Weaned,10 to 12 lb,Formula,> 1200,60922,45.5,62.65,53.17,51.03,12/10/2021,43.02,12/18/2020,511,2021,50
12/20/2021,12/24/2021,12/23/2021 12:01:57,2021-12-20,Pigs Early Weaned,10 to 12 lb,Cash,< 600,1300,54.0,57.5,56.27,44.39,12/17/2021,,12/25/2020,521,2021,51
12/20/2021,12/24/2021,12/23/2021 12:01:57,2021-12-20,Pigs,40 lb,Cash,< 600,300,72.0,72.0,72.0,67.71,12/17/2021,,12/25/2020,521,2021,51
12/20/2021,12/24/2021,12/23/2021 12:01:57,2021-12-20,Pigs Early Weaned,10 to 12 lb,Formula,> 1200,50183,40.0,66.04,53.71,53.17,12/17/2021,44.37,12/25/2020,521,2021,51
12/20/2021,12/24/2021,12/23/2021 12:01:57,2021-12-20,Pigs Early Weaned,10 to 12 lb,Formula,600 - 1200,650,48.21,48.21,48.21,,12/17/2021,47.33,12/25/2020,521,2021,51
12/20/2021,12/24/2021,12/23/2021 12:01:57,2021-12-20,Pigs,40 lb,Cash,> 1200,4250,80.0,80.0,80.0,77.4,12/17/2021,59.72,12/25/2020,521,2021,51
12/20/2021,12/24/2021,12/23/2021 12:01:57,2021-12-20,Pigs Early Weaned,10 to 12 lb,Formula,Total Composite,50833,40.0,66.04,53.64,53.17,12/17/2021,44.48,12/25/2020,521,2021,51
12/20/2021,12/24/2021,12/23/2021 12:01:57,2021-12-20,Pigs,40 lb,Cash,600 - 1200,5445,63.0,79.5,74.92,74.0,12/17/2021,59.65,12/25/2020,521,2021,51
12/20/2021,12/24/2021,12/23/2021 12:01:57,2021-12-20,Pigs Early Weaned,10 to 12 lb,Cash,Total Composite,27873,54.0,68.0,61.24,58.38,12/17/2021,50.54,12/25/2020,521,2021,51
12/20/2021,12/24/2021,12/23/2021 12:01:57,2021-12-20,Pigs Early Weaned,10 to 12 lb,Cash,600 - 1200,4742,55.0,62.0,58.91,57.65,12/17/2021,48.19,12/25/2020,521,2021,51
12/20/2021,12/24/2021,12/23/2021 12:01:57,2021-12-20,Pigs Early Weaned,10 to 12 lb,Cash,> 1200,21831,55.0,68.0,62.05,59.04,12/17/2021,51.03,12/25/2020,521,2021,51
12/20/2021,12/24/2021,12/23/2021 12:01:57,2021-12-20,Pigs,40 lb,Cash,Total Composite,9995,63.0,80.0,76.99,76.25,12/17/2021,59.7,12/25/2020,521,2021,51
12/27/2021,12/31/2021,12/30/2021 12:18:31,2021-12-27,Pigs,40 lb,Cash,Total Composite,4160,78.0,80.5,79.03,76.99,12/24/2021,67.38,01/01/2021,531,2021,52
12/27/2021,12/31/2021,12/30/2021 12:18:31,2021-12-27,Pigs Early Weaned,10 to 12 lb,Cash,Total Composite,34970,47.0,68.0,61.47,61.24,12/24/2021,55.04,01/01/2021,531,2021,52
12/27/2021,12/31/2021,12/30/2021 12:18:31,2021-12-27,Pigs,40 lb,Cash,> 1200,1200,78.0,78.0,78.0,80.0,12/24/2021,66.45,01/01/2021,531,2021,52
12/27/2021,12/31/2021,12/30/2021 12:18:31,2021-12-27,Pigs,40 lb,Cash,600 - 1200,2100,79.5,80.5,80.05,74.92,12/24/2021,72.0,01/01/2021,531,2021,52
12/27/2021,12/31/2021,12/30/2021 12:18:31,2021-12-27,Pigs Early Weaned,10 to 12 lb,Cash,> 1200,29550,51.0,68.0,61.54,62.05,12/24/2021,55.31,01/01/2021,531,2021,52
12/27/2021,12/31/2021,12/30/2021 12:18:31,2021-12-27,Pigs Early Weaned,10 to 12 lb,Cash,< 600,1320,47.0,66.0,59.2,56.27,12/24/2021,,01/01/2021,531,2021,52
12/27/2021,12/31/2021,12/30/2021 12:18:31,2021-12-27,Pigs,40 lb,Cash,< 600,860,78.0,78.0,78.0,72.0,12/24/2021,59.0,01/01/2021,531,2021,52
12/27/2021,12/31/2021,12/30/2021 12:18:31,2021-12-27,Pigs Early Weaned,10 to 12 lb,Cash,600 - 1200,4100,57.0,66.0,61.63,58.91,12/24/2021,51.28,01/01/2021,531,2021,52
12/27/2021,12/31/2021,12/30/2021 12:18:31,2021-12-27,Pigs Early Weaned,10 to 12 lb,Formula,> 1200,29533,45.52,68.24,55.19,53.71,12/24/2021,45.4,01/01/2021,531,2021,52
12/27/2021,12/31/2021,12/30/2021 12:18:31,2021-12-27,Pigs Early Weaned,10 to 12 lb,Formula,600 - 1200,650,49.06,49.06,49.06,48.21,12/24/2021,,01/01/2021,531,2021,52
12/27/2021,12/31/2021,12/30/2021 12:18:31,2021-12-27,Pigs Early Weaned,10 to 12 lb,Formula,Total Composite,30183,45.52,68.24,55.06,53.64,12/24/2021,45.4,01/01/2021,531,2021,52
01/03/2022,01/07/2022,01/07/2022 12:19:31,2022-01-03,Pigs Early Weaned,10 to 12 lb,Formula,< 600,516,49.2,49.2,49.2,,12/31/2021,,01/08/2021,21,2022,1
01/03/2022,01/07/2022,01/07/2022 12:19:31,2022-01-03,Pigs,40 lb,Cash,> 1200,3750,80.0,83.0,81.83,78.0,12/31/2021,70.34,01/08/2021,21,2022,1
01/03/2022,01/07/2022,01/07/2022 12:19:31,2022-01-03,Pigs,40 lb,Cash,600 - 1200,1700,80.0,86.0,83.88,80.05,12/31/2021,65.28,01/08/2021,21,2022,1
